
  <record>
    <leader>01000aam  22002601a 4500</leader>
    <controlfield tag="001">YPZ458</controlfield>
    <controlfield tag="003">YPZ</controlfield>
    <controlfield tag="005">200407020000000</controlfield>
    <controlfield tag="008">040702|###########||||||b||||||||||spa|d</controlfield>
    <datafield tag="040" ind1=" " ind2=" ">
      <subfield code="c">SIUNPA</subfield>
    </datafield>
    <datafield tag="041" ind1=" " ind2=" ">
      <subfield code="a">fre</subfield>
    </datafield>
    <datafield tag="044" ind1=" " ind2=" ">
      <subfield code="a">NO</subfield>
    </datafield>
    <datafield tag="080" ind1=" " ind2=" ">
      <subfield code="a">V811.133.1 P666p</subfield>
    </datafield>
    <datafield tag="245" ind1=" " ind2=" ">
      <subfield code="a">Pique - Nique</subfield>
      <subfield code="b"> : leçons 1-12</subfield>
    </datafield>
    <datafield tag="260" ind1=" " ind2=" ">
      <subfield code="a">[Oslo]</subfield>
      <subfield code="b"> : Utbildningsradion</subfield>
      <subfield code="b"> : YLE</subfield>
      <subfield code="b"> : NRK</subfield>
      <subfield code="c"> , c1996</subfield>
    </datafield>
    <datafield tag="500" ind1=" " ind2=" ">
      <subfield code="a">Directores: Bernard Chatton, Suzanne Ekelöf, Karin Lidén</subfield>
    </datafield>
    <datafield tag="500" ind1=" " ind2=" ">
      <subfield code="a">Dir. del video: Lenart Ivarsson</subfield>
    </datafield>
    <datafield tag="500" ind1=" " ind2=" ">
      <subfield code="a">Narración: Jean-Paul Pouron, Agneta Soldén</subfield>
    </datafield>
    <datafield tag="500" ind1=" " ind2=" ">
      <subfield code="a">Contenido: vol. 1 - Nivel 1, lecciones 1-2 - vol. 2 - Nivel 1, lecciones 3-4 - vol. 3 - Nivel 1, lecciones 5-6 - vol. 4</subfield>
    </datafield>
    <datafield tag="500" ind1=" " ind2=" ">
      <subfield code="a">Inédito</subfield>
    </datafield>
    <datafield tag="500" ind1=" " ind2=" ">
      <subfield code="a">Datos tomados del envase</subfield>
    </datafield>
    <datafield tag="650" ind1=" " ind2=" ">
      <subfield code="a"> ENSEÑANZA DE IDIOMAS</subfield>
    </datafield>
    <datafield tag="650" ind1=" " ind2=" ">
      <subfield code="a"> FRANCES</subfield>
    </datafield>
    <datafield tag="942" ind1=" " ind2=" ">
      <subfield code="c">VD</subfield>
    </datafield>
    <datafield tag="952" ind1=" " ind2=" ">
      <subfield code="a">BIB_RECT</subfield>
      <subfield code="b">BIB_UACO</subfield>
      <subfield code="d">2014-10-03</subfield>
      <subfield code="y">VD</subfield>
      <subfield code="p">02-07694</subfield>
      <subfield code="i">02-07694</subfield>
      <subfield code="g">100</subfield>
      <subfield code="o">V811.133.1 P666p</subfield>
      <subfield code="e">SIUNPA</subfield>
      <subfield code="8">MM</subfield>
    </datafield>
    <datafield tag="952" ind1=" " ind2=" ">
      <subfield code="a">BIB_RECT</subfield>
      <subfield code="b">BIB_UACO</subfield>
      <subfield code="d">2014-10-03</subfield>
      <subfield code="y">VD</subfield>
      <subfield code="p">02-07695</subfield>
      <subfield code="i">02-07695</subfield>
      <subfield code="g">100</subfield>
      <subfield code="o">V811.133.1 P666p</subfield>
      <subfield code="e">SIUNPA</subfield>
      <subfield code="8">MM</subfield>
    </datafield>
    <datafield tag="952" ind1=" " ind2=" ">
      <subfield code="a">BIB_RECT</subfield>
      <subfield code="b">BIB_UACO</subfield>
      <subfield code="d">2014-10-03</subfield>
      <subfield code="y">VD</subfield>
      <subfield code="p">02-07696</subfield>
      <subfield code="i">02-07696</subfield>
      <subfield code="g">100</subfield>
      <subfield code="o">V811.133.1 P666p</subfield>
      <subfield code="e">SIUNPA</subfield>
      <subfield code="8">MM</subfield>
    </datafield>
    <datafield tag="952" ind1=" " ind2=" ">
      <subfield code="a">BIB_RECT</subfield>
      <subfield code="b">BIB_UACO</subfield>
      <subfield code="d">2014-10-03</subfield>
      <subfield code="y">VD</subfield>
      <subfield code="p">02-07697</subfield>
      <subfield code="i">02-07697</subfield>
      <subfield code="g">100</subfield>
      <subfield code="o">V811.133.1 P666p</subfield>
      <subfield code="e">SIUNPA</subfield>
      <subfield code="8">MM</subfield>
    </datafield>
    <datafield tag="952" ind1=" " ind2=" ">
      <subfield code="a">BIB_RECT</subfield>
      <subfield code="b">BIB_UACO</subfield>
      <subfield code="d">2014-10-03</subfield>
      <subfield code="y">VD</subfield>
      <subfield code="p">02-07698</subfield>
      <subfield code="i">02-07698</subfield>
      <subfield code="g">100</subfield>
      <subfield code="o">V811.133.1 P666p</subfield>
      <subfield code="e">SIUNPA</subfield>
      <subfield code="8">MM</subfield>
    </datafield>
    <datafield tag="952" ind1=" " ind2=" ">
      <subfield code="a">BIB_RECT</subfield>
      <subfield code="b">BIB_UACO</subfield>
      <subfield code="d">2014-10-03</subfield>
      <subfield code="y">VD</subfield>
      <subfield code="p">02-07699</subfield>
      <subfield code="i">02-07699</subfield>
      <subfield code="g">100</subfield>
      <subfield code="o">V811.133.1 P666p</subfield>
      <subfield code="e">SIUNPA</subfield>
      <subfield code="8">MM</subfield>
    </datafield>
    <datafield tag="952" ind1=" " ind2=" ">
      <subfield code="a">BIB_RECT</subfield>
      <subfield code="b">BIB_UACO</subfield>
      <subfield code="d">2014-10-03</subfield>
      <subfield code="y">VD</subfield>
      <subfield code="p">02-07700</subfield>
      <subfield code="i">02-07700</subfield>
      <subfield code="g">100</subfield>
      <subfield code="o">V811.133.1 P666p</subfield>
      <subfield code="e">SIUNPA</subfield>
      <subfield code="8">MM</subfield>
    </datafield>
    <datafield tag="952" ind1=" " ind2=" ">
      <subfield code="a">BIB_RECT</subfield>
      <subfield code="b">BIB_UACO</subfield>
      <subfield code="d">2014-10-03</subfield>
      <subfield code="y">VD</subfield>
      <subfield code="p">02-07701</subfield>
      <subfield code="i">02-07701</subfield>
      <subfield code="g">100</subfield>
      <subfield code="o">V811.133.1 P666p</subfield>
      <subfield code="e">SIUNPA</subfield>
      <subfield code="8">MM</subfield>
    </datafield>
    <datafield tag="952" ind1=" " ind2=" ">
      <subfield code="a">BIB_RECT</subfield>
      <subfield code="b">BIB_UACO</subfield>
      <subfield code="d">2014-10-03</subfield>
      <subfield code="y">VD</subfield>
      <subfield code="p">02-07702</subfield>
      <subfield code="i">02-07702</subfield>
      <subfield code="g">100</subfield>
      <subfield code="o">V811.133.1 P666p</subfield>
      <subfield code="e">SIUNPA</subfield>
      <subfield code="8">MM</subfield>
    </datafield>
    <datafield tag="952" ind1=" " ind2=" ">
      <subfield code="a">BIB_RECT</subfield>
      <subfield code="b">BIB_UACO</subfield>
      <subfield code="d">2014-10-03</subfield>
      <subfield code="y">VD</subfield>
      <subfield code="p">02-07703</subfield>
      <subfield code="i">02-07703</subfield>
      <subfield code="g">100</subfield>
      <subfield code="o">V811.133.1 P666p</subfield>
      <subfield code="e">SIUNPA</subfield>
      <subfield code="8">MM</subfield>
    </datafield>
    <datafield tag="952" ind1=" " ind2=" ">
      <subfield code="a">BIB_RECT</subfield>
      <subfield code="b">BIB_UACO</subfield>
      <subfield code="d">2014-10-03</subfield>
      <subfield code="y">VD</subfield>
      <subfield code="p">02-07704</subfield>
      <subfield code="i">02-07704</subfield>
      <subfield code="g">100</subfield>
      <subfield code="o">V811.133.1 P666p</subfield>
      <subfield code="e">SIUNPA</subfield>
      <subfield code="8">MM</subfield>
    </datafield>
    <datafield tag="952" ind1=" " ind2=" ">
      <subfield code="a">BIB_RECT</subfield>
      <subfield code="b">BIB_UACO</subfield>
      <subfield code="d">2014-10-03</subfield>
      <subfield code="y">VD</subfield>
      <subfield code="p">02-07705</subfield>
      <subfield code="i">02-07705</subfield>
      <subfield code="g">100</subfield>
      <subfield code="o">V811.133.1 P666p</subfield>
      <subfield code="e">SIUNPA</subfield>
      <subfield code="8">MM</subfield>
    </datafield>
    <datafield tag="952" ind1=" " ind2=" ">
      <subfield code="a">BIB_RECT</subfield>
      <subfield code="b">BIB_UASJ</subfield>
      <subfield code="d">2005-08-23</subfield>
      <subfield code="y">VD</subfield>
      <subfield code="p">04-26112</subfield>
      <subfield code="i">04-26112</subfield>
      <subfield code="g">240</subfield>
      <subfield code="o">V811.133.1 P666p</subfield>
      <subfield code="e">SIUNPA</subfield>
      <subfield code="8">MM</subfield>
    </datafield>
    <datafield tag="952" ind1=" " ind2=" ">
      <subfield code="a">BIB_RECT</subfield>
      <subfield code="b">BIB_UASJ</subfield>
      <subfield code="d">2005-08-23</subfield>
      <subfield code="y">VD</subfield>
      <subfield code="p">04-26113</subfield>
      <subfield code="i">04-26113</subfield>
      <subfield code="g">240</subfield>
      <subfield code="o">V811.133.1 P666p</subfield>
      <subfield code="e">SIUNPA</subfield>
      <subfield code="8">MM</subfield>
    </datafield>
    <datafield tag="952" ind1=" " ind2=" ">
      <subfield code="a">BIB_RECT</subfield>
      <subfield code="b">BIB_UASJ</subfield>
      <subfield code="d">2005-08-23</subfield>
      <subfield code="y">VD</subfield>
      <subfield code="p">04-26114</subfield>
      <subfield code="i">04-26114</subfield>
      <subfield code="g">240</subfield>
      <subfield code="o">V811.133.1 P666p</subfield>
      <subfield code="e">SIUNPA</subfield>
      <subfield code="8">MM</subfield>
    </datafield>
    <datafield tag="952" ind1=" " ind2=" ">
      <subfield code="a">BIB_RECT</subfield>
      <subfield code="b">BIB_UASJ</subfield>
      <subfield code="d">2005-08-23</subfield>
      <subfield code="y">VD</subfield>
      <subfield code="p">04-26115</subfield>
      <subfield code="i">04-26115</subfield>
      <subfield code="g">240</subfield>
      <subfield code="o">V811.133.1 P666p</subfield>
      <subfield code="e">SIUNPA</subfield>
      <subfield code="8">MM</subfield>
    </datafield>
    <datafield tag="952" ind1=" " ind2=" ">
      <subfield code="a">BIB_RECT</subfield>
      <subfield code="b">BIB_UASJ</subfield>
      <subfield code="d">2005-08-23</subfield>
      <subfield code="y">VD</subfield>
      <subfield code="p">04-26116</subfield>
      <subfield code="i">04-26116</subfield>
      <subfield code="g">240</subfield>
      <subfield code="o">V811.133.1 P666p</subfield>
      <subfield code="e">SIUNPA</subfield>
      <subfield code="8">MM</subfield>
    </datafield>
    <datafield tag="952" ind1=" " ind2=" ">
      <subfield code="a">BIB_RECT</subfield>
      <subfield code="b">BIB_UASJ</subfield>
      <subfield code="d">2005-08-23</subfield>
      <subfield code="y">VD</subfield>
      <subfield code="p">04-26117</subfield>
      <subfield code="i">04-26117</subfield>
      <subfield code="g">240</subfield>
      <subfield code="o">V811.133.1 P666p</subfield>
      <subfield code="e">SIUNPA</subfield>
      <subfield code="8">MM</subfield>
    </datafield>
    <datafield tag="952" ind1=" " ind2=" ">
      <subfield code="a">BIB_RECT</subfield>
      <subfield code="b">BIB_UASJ</subfield>
      <subfield code="d">2005-08-23</subfield>
      <subfield code="y">VD</subfield>
      <subfield code="p">04-26118</subfield>
      <subfield code="i">04-26118</subfield>
      <subfield code="g">240</subfield>
      <subfield code="o">V811.133.1 P666p</subfield>
      <subfield code="e">SIUNPA</subfield>
      <subfield code="8">MM</subfield>
    </datafield>
    <datafield tag="952" ind1=" " ind2=" ">
      <subfield code="a">BIB_RECT</subfield>
      <subfield code="b">BIB_UASJ</subfield>
      <subfield code="d">2005-08-23</subfield>
      <subfield code="y">VD</subfield>
      <subfield code="p">04-26119</subfield>
      <subfield code="i">04-26119</subfield>
      <subfield code="g">240</subfield>
      <subfield code="o">V811.133.1 P666p</subfield>
      <subfield code="e">SIUNPA</subfield>
      <subfield code="8">MM</subfield>
    </datafield>
    <datafield tag="952" ind1=" " ind2=" ">
      <subfield code="a">BIB_RECT</subfield>
      <subfield code="b">BIB_UASJ</subfield>
      <subfield code="d">2005-08-23</subfield>
      <subfield code="y">VD</subfield>
      <subfield code="p">04-26120</subfield>
      <subfield code="i">04-26120</subfield>
      <subfield code="g">240</subfield>
      <subfield code="o">V811.133.1 P666p</subfield>
      <subfield code="e">SIUNPA</subfield>
      <subfield code="8">MM</subfield>
    </datafield>
    <datafield tag="952" ind1=" " ind2=" ">
      <subfield code="a">BIB_RECT</subfield>
      <subfield code="b">BIB_UASJ</subfield>
      <subfield code="d">2005-08-23</subfield>
      <subfield code="y">VD</subfield>
      <subfield code="p">04-26121</subfield>
      <subfield code="i">04-26121</subfield>
      <subfield code="g">240</subfield>
      <subfield code="o">V811.133.1 P666p</subfield>
      <subfield code="e">SIUNPA</subfield>
      <subfield code="8">MM</subfield>
    </datafield>
    <datafield tag="952" ind1=" " ind2=" ">
      <subfield code="a">BIB_RECT</subfield>
      <subfield code="b">BIB_UASJ</subfield>
      <subfield code="d">2005-08-23</subfield>
      <subfield code="y">VD</subfield>
      <subfield code="p">04-26122</subfield>
      <subfield code="i">04-26122</subfield>
      <subfield code="g">240</subfield>
      <subfield code="o">V811.133.1 P666p</subfield>
      <subfield code="e">SIUNPA</subfield>
      <subfield code="8">MM</subfield>
    </datafield>
    <datafield tag="952" ind1=" " ind2=" ">
      <subfield code="a">BIB_RECT</subfield>
      <subfield code="b">BIB_UASJ</subfield>
      <subfield code="d">2005-08-23</subfield>
      <subfield code="y">VD</subfield>
      <subfield code="p">04-26123</subfield>
      <subfield code="i">04-26123</subfield>
      <subfield code="g">240</subfield>
      <subfield code="o">V811.133.1 P666p</subfield>
      <subfield code="e">SIUNPA</subfield>
      <subfield code="8">MM</subfield>
    </datafield>
    <datafield tag="952" ind1=" " ind2=" ">
      <subfield code="a">BIB_RECT</subfield>
      <subfield code="b">BIB_UARG</subfield>
      <subfield code="d">2005-08-23</subfield>
      <subfield code="y">VD</subfield>
      <subfield code="p">05-21128</subfield>
      <subfield code="i">05-21128</subfield>
      <subfield code="g">60</subfield>
      <subfield code="o">V811.133.1 P666p</subfield>
      <subfield code="e">SIUNPA</subfield>
      <subfield code="8">MM</subfield>
    </datafield>
    <datafield tag="952" ind1=" " ind2=" ">
      <subfield code="a">BIB_RECT</subfield>
      <subfield code="b">BIB_UARG</subfield>
      <subfield code="d">2005-08-23</subfield>
      <subfield code="y">VD</subfield>
      <subfield code="p">05-21129</subfield>
      <subfield code="i">05-21129</subfield>
      <subfield code="g">60</subfield>
      <subfield code="o">V811.133.1 P666p</subfield>
      <subfield code="e">SIUNPA</subfield>
      <subfield code="8">MM</subfield>
    </datafield>
    <datafield tag="952" ind1=" " ind2=" ">
      <subfield code="a">BIB_RECT</subfield>
      <subfield code="b">BIB_UARG</subfield>
      <subfield code="d">2005-08-23</subfield>
      <subfield code="y">VD</subfield>
      <subfield code="p">05-21130</subfield>
      <subfield code="i">05-21130</subfield>
      <subfield code="g">60</subfield>
      <subfield code="o">V811.133.1 P666p</subfield>
      <subfield code="e">SIUNPA</subfield>
      <subfield code="8">MM</subfield>
    </datafield>
    <datafield tag="952" ind1=" " ind2=" ">
      <subfield code="a">BIB_RECT</subfield>
      <subfield code="b">BIB_UARG</subfield>
      <subfield code="d">2005-08-23</subfield>
      <subfield code="y">VD</subfield>
      <subfield code="p">05-21131</subfield>
      <subfield code="i">05-21131</subfield>
      <subfield code="g">60</subfield>
      <subfield code="o">V811.133.1 P666p</subfield>
      <subfield code="e">SIUNPA</subfield>
      <subfield code="8">MM</subfield>
    </datafield>
    <datafield tag="952" ind1=" " ind2=" ">
      <subfield code="a">BIB_RECT</subfield>
      <subfield code="b">BIB_UARG</subfield>
      <subfield code="d">2005-08-23</subfield>
      <subfield code="y">VD</subfield>
      <subfield code="p">05-24645</subfield>
      <subfield code="i">05-24645</subfield>
      <subfield code="g">25</subfield>
      <subfield code="o">V811.133.1 P666p</subfield>
      <subfield code="e">SIUNPA</subfield>
      <subfield code="8">MM</subfield>
    </datafield>
    <datafield tag="952" ind1=" " ind2=" ">
      <subfield code="a">BIB_RECT</subfield>
      <subfield code="b">BIB_UARG</subfield>
      <subfield code="d">2005-08-23</subfield>
      <subfield code="y">VD</subfield>
      <subfield code="p">05-24646</subfield>
      <subfield code="i">05-24646</subfield>
      <subfield code="g">25</subfield>
      <subfield code="o">V811.133.1 P666p</subfield>
      <subfield code="e">SIUNPA</subfield>
      <subfield code="8">MM</subfield>
    </datafield>
    <datafield tag="952" ind1=" " ind2=" ">
      <subfield code="a">BIB_RECT</subfield>
      <subfield code="b">BIB_UARG</subfield>
      <subfield code="d">2005-08-23</subfield>
      <subfield code="y">VD</subfield>
      <subfield code="p">05-24647</subfield>
      <subfield code="i">05-24647</subfield>
      <subfield code="g">25</subfield>
      <subfield code="o">V811.133.1 P666p</subfield>
      <subfield code="e">SIUNPA</subfield>
      <subfield code="8">MM</subfield>
    </datafield>
    <datafield tag="952" ind1=" " ind2=" ">
      <subfield code="a">BIB_RECT</subfield>
      <subfield code="b">BIB_UARG</subfield>
      <subfield code="d">2005-08-23</subfield>
      <subfield code="y">VD</subfield>
      <subfield code="p">05-24648</subfield>
      <subfield code="i">05-24648</subfield>
      <subfield code="g">25</subfield>
      <subfield code="o">V811.133.1 P666p</subfield>
      <subfield code="e">SIUNPA</subfield>
      <subfield code="8">MM</subfield>
    </datafield>
    <datafield tag="952" ind1=" " ind2=" ">
      <subfield code="a">BIB_RECT</subfield>
      <subfield code="b">BIB_UARG</subfield>
      <subfield code="d">2005-08-23</subfield>
      <subfield code="y">VD</subfield>
      <subfield code="p">05-24649</subfield>
      <subfield code="i">05-24649</subfield>
      <subfield code="g">25</subfield>
      <subfield code="o">V811.133.1 P666p</subfield>
      <subfield code="e">SIUNPA</subfield>
      <subfield code="8">MM</subfield>
    </datafield>
    <datafield tag="952" ind1=" " ind2=" ">
      <subfield code="a">BIB_RECT</subfield>
      <subfield code="b">BIB_UARG</subfield>
      <subfield code="d">2005-08-23</subfield>
      <subfield code="y">VD</subfield>
      <subfield code="p">05-24650</subfield>
      <subfield code="i">05-24650</subfield>
      <subfield code="g">25</subfield>
      <subfield code="o">V811.133.1 P666p</subfield>
      <subfield code="e">SIUNPA</subfield>
      <subfield code="8">MM</subfield>
    </datafield>
    <datafield tag="952" ind1=" " ind2=" ">
      <subfield code="a">BIB_RECT</subfield>
      <subfield code="b">BIB_UARG</subfield>
      <subfield code="d">2005-08-23</subfield>
      <subfield code="y">VD</subfield>
      <subfield code="p">05-24651</subfield>
      <subfield code="i">05-24651</subfield>
      <subfield code="g">60</subfield>
      <subfield code="o">V811.133.1 P666p</subfield>
      <subfield code="e">SIUNPA</subfield>
      <subfield code="8">MM</subfield>
    </datafield>
    <datafield tag="952" ind1=" " ind2=" ">
      <subfield code="a">BIB_RECT</subfield>
      <subfield code="b">BIB_UARG</subfield>
      <subfield code="d">2005-08-23</subfield>
      <subfield code="y">VD</subfield>
      <subfield code="p">05-24652</subfield>
      <subfield code="i">05-24652</subfield>
      <subfield code="g">60</subfield>
      <subfield code="o">V811.133.1 P666p</subfield>
      <subfield code="e">SIUNPA</subfield>
      <subfield code="8">MM</subfield>
    </datafield>
    <datafield tag="952" ind1=" " ind2=" ">
      <subfield code="a">BIB_RECT</subfield>
      <subfield code="b">BIB_UARG</subfield>
      <subfield code="d">2005-08-23</subfield>
      <subfield code="y">VD</subfield>
      <subfield code="p">05-24653</subfield>
      <subfield code="i">05-24653</subfield>
      <subfield code="g">25</subfield>
      <subfield code="o">V811.133.1 P666p</subfield>
      <subfield code="e">SIUNPA</subfield>
      <subfield code="8">MM</subfield>
    </datafield>
    <datafield tag="952" ind1=" " ind2=" ">
      <subfield code="a">BIB_RECT</subfield>
      <subfield code="b">BIB_UARG</subfield>
      <subfield code="d">2005-08-23</subfield>
      <subfield code="y">VD</subfield>
      <subfield code="p">05-24654</subfield>
      <subfield code="i">05-24654</subfield>
      <subfield code="g">25</subfield>
      <subfield code="o">V811.133.1 P666p</subfield>
      <subfield code="e">SIUNPA</subfield>
      <subfield code="8">MM</subfield>
    </datafield>
    <datafield tag="952" ind1=" " ind2=" ">
      <subfield code="a">BIB_RECT</subfield>
      <subfield code="b">BIB_UARG</subfield>
      <subfield code="d">2005-08-23</subfield>
      <subfield code="y">VD</subfield>
      <subfield code="p">05-24655</subfield>
      <subfield code="i">05-24655</subfield>
      <subfield code="g">25</subfield>
      <subfield code="o">V811.133.1 P666p</subfield>
      <subfield code="e">SIUNPA</subfield>
      <subfield code="8">MM</subfield>
    </datafield>
    <datafield tag="952" ind1=" " ind2=" ">
      <subfield code="a">BIB_RECT</subfield>
      <subfield code="b">BIB_UARG</subfield>
      <subfield code="d">2005-08-23</subfield>
      <subfield code="y">VD</subfield>
      <subfield code="p">05-24656</subfield>
      <subfield code="i">05-24656</subfield>
      <subfield code="g">25</subfield>
      <subfield code="o">V811.133.1 P666p</subfield>
      <subfield code="e">SIUNPA</subfield>
      <subfield code="8">MM</subfield>
    </datafield>
    <datafield tag="952" ind1=" " ind2=" ">
      <subfield code="a">BIB_RECT</subfield>
      <subfield code="b">BIB_UARG</subfield>
      <subfield code="d">2005-08-23</subfield>
      <subfield code="y">VD</subfield>
      <subfield code="p">05-24657</subfield>
      <subfield code="i">05-24657</subfield>
      <subfield code="g">25</subfield>
      <subfield code="o">V811.133.1 P666p</subfield>
      <subfield code="e">SIUNPA</subfield>
      <subfield code="8">MM</subfield>
    </datafield>
    <datafield tag="952" ind1=" " ind2=" ">
      <subfield code="a">BIB_RECT</subfield>
      <subfield code="b">BIB_UARG</subfield>
      <subfield code="d">2005-08-23</subfield>
      <subfield code="y">VD</subfield>
      <subfield code="p">05-24658</subfield>
      <subfield code="i">05-24658</subfield>
      <subfield code="g">25</subfield>
      <subfield code="o">V811.133.1 P666p</subfield>
      <subfield code="e">SIUNPA</subfield>
      <subfield code="8">MM</subfield>
    </datafield>
    <datafield tag="952" ind1=" " ind2=" ">
      <subfield code="a">BIB_RECT</subfield>
      <subfield code="b">BIB_UARG</subfield>
      <subfield code="d">2005-08-23</subfield>
      <subfield code="y">VD</subfield>
      <subfield code="p">05-24659</subfield>
      <subfield code="i">05-24659</subfield>
      <subfield code="g">60</subfield>
      <subfield code="o">V811.133.1 P666p</subfield>
      <subfield code="e">SIUNPA</subfield>
      <subfield code="8">MM</subfield>
    </datafield>
    <datafield tag="952" ind1=" " ind2=" ">
      <subfield code="a">BIB_RECT</subfield>
      <subfield code="b">BIB_UARG</subfield>
      <subfield code="d">2005-08-23</subfield>
      <subfield code="y">VD</subfield>
      <subfield code="p">05-24660</subfield>
      <subfield code="i">05-24660</subfield>
      <subfield code="g">60</subfield>
      <subfield code="o">V811.133.1 P666p</subfield>
      <subfield code="e">SIUNPA</subfield>
      <subfield code="8">MM</subfield>
    </datafield>
  </record>