
  <record>
    <leader>01000aam  22002601a 4500</leader>
    <controlfield tag="001">YPZ731</controlfield>
    <controlfield tag="003">YPZ</controlfield>
    <controlfield tag="005">200412150000000</controlfield>
    <controlfield tag="008">041215|###########||||||b||||||||||spa|d</controlfield>
    <datafield tag="040" ind1=" " ind2=" ">
      <subfield code="c">SIUNPA</subfield>
    </datafield>
    <datafield tag="041" ind1=" " ind2=" ">
      <subfield code="a">spa</subfield>
    </datafield>
    <datafield tag="044" ind1=" " ind2=" ">
      <subfield code="a">AR</subfield>
    </datafield>
    <datafield tag="080" ind1=" " ind2=" ">
      <subfield code="a">V004.056 S442m</subfield>
    </datafield>
    <datafield tag="100" ind1=" " ind2=" ">
      <subfield code="a">Scolnik, Hugo D..</subfield>
    </datafield>
    <datafield tag="245" ind1=" " ind2=" ">
      <subfield code="a">Métodos modernos de criptografía</subfield>
    </datafield>
    <datafield tag="260" ind1=" " ind2=" ">
      <subfield code="a">Caleta Olivia</subfield>
      <subfield code="b"> : Unidad Académica Caleta Olivia, UNPA</subfield>
      <subfield code="c"> , [2004?]</subfield>
    </datafield>
    <datafield tag="650" ind1=" " ind2=" ">
      <subfield code="a"> ENCRIPTAMIENTO</subfield>
    </datafield>
    <datafield tag="650" ind1=" " ind2=" ">
      <subfield code="a"> SEGURIDAD INFORMATICA</subfield>
    </datafield>
    <datafield tag="942" ind1=" " ind2=" ">
      <subfield code="c">VD</subfield>
    </datafield>
    <datafield tag="952" ind1=" " ind2=" ">
      <subfield code="a">BIB_RECT</subfield>
      <subfield code="b">BIB_UACO</subfield>
      <subfield code="d">2005-08-23</subfield>
      <subfield code="y">VD</subfield>
      <subfield code="p">02-25840</subfield>
      <subfield code="i">02-25840</subfield>
      <subfield code="g">14</subfield>
      <subfield code="o">V004.056 S442m</subfield>
      <subfield code="e">Secretaría de Extens</subfield>
      <subfield code="8">MM</subfield>
    </datafield>
    <datafield tag="952" ind1=" " ind2=" ">
      <subfield code="a">BIB_RECT</subfield>
      <subfield code="b">BIB_UACO</subfield>
      <subfield code="d">2005-08-23</subfield>
      <subfield code="y">VD</subfield>
      <subfield code="p">02-25841</subfield>
      <subfield code="i">02-25841</subfield>
      <subfield code="g">14</subfield>
      <subfield code="o">V004.056 S442m</subfield>
      <subfield code="e">Secretaría de Extens</subfield>
      <subfield code="8">MM</subfield>
    </datafield>
    <datafield tag="952" ind1=" " ind2=" ">
      <subfield code="a">BIB_RECT</subfield>
      <subfield code="b">BIB_UACO</subfield>
      <subfield code="d">2005-08-23</subfield>
      <subfield code="y">VD</subfield>
      <subfield code="p">02-25842</subfield>
      <subfield code="i">02-25842</subfield>
      <subfield code="g">14</subfield>
      <subfield code="o">V004.056 S442m</subfield>
      <subfield code="e">Secretaría de Extens</subfield>
      <subfield code="8">MM</subfield>
    </datafield>
    <datafield tag="952" ind1=" " ind2=" ">
      <subfield code="a">BIB_RECT</subfield>
      <subfield code="b">BIB_UACO</subfield>
      <subfield code="d">2005-08-23</subfield>
      <subfield code="y">VD</subfield>
      <subfield code="p">02-25843</subfield>
      <subfield code="i">02-25843</subfield>
      <subfield code="g">14</subfield>
      <subfield code="o">V004.056 S442m</subfield>
      <subfield code="e">Secretaría de Extens</subfield>
      <subfield code="8">MM</subfield>
    </datafield>
    <datafield tag="952" ind1=" " ind2=" ">
      <subfield code="a">BIB_RECT</subfield>
      <subfield code="b">BIB_UACO</subfield>
      <subfield code="d">2005-08-23</subfield>
      <subfield code="y">VD</subfield>
      <subfield code="p">02-25844</subfield>
      <subfield code="i">02-25844</subfield>
      <subfield code="g">14</subfield>
      <subfield code="o">V004.056 S442m</subfield>
      <subfield code="e">Secretaría de Extens</subfield>
      <subfield code="8">MM</subfield>
    </datafield>
  </record>