
  <record>
    <leader>01000aam  22002601a 4500</leader>
    <controlfield tag="001">YPZ735</controlfield>
    <controlfield tag="003">YPZ</controlfield>
    <controlfield tag="005">200412150000000</controlfield>
    <controlfield tag="008">041215|###########||||||b||||||||||spa|d</controlfield>
    <datafield tag="040" ind1=" " ind2=" ">
      <subfield code="c">SIUNPA</subfield>
    </datafield>
    <datafield tag="041" ind1=" " ind2=" ">
      <subfield code="a">spa</subfield>
    </datafield>
    <datafield tag="044" ind1=" " ind2=" ">
      <subfield code="a">AR</subfield>
    </datafield>
    <datafield tag="080" ind1=" " ind2=" ">
      <subfield code="a">V572.02 B979r</subfield>
    </datafield>
    <datafield tag="245" ind1=" " ind2=" ">
      <subfield code="a">La raíz del viento</subfield>
      <subfield code="c"> / Busquier, Ignacio, dir. y guión ; Errea, Martín, fotografía y cámara ; Reyes, Cristian, sonido y asistente de cámara ; Kehm, Federico, ed. ; Busquier, Nacho, ed.</subfield>
    </datafield>
    <datafield tag="260" ind1=" " ind2=" ">
      <subfield code="a">[Río Gallegos]</subfield>
      <subfield code="b"> : Paréntesis</subfield>
      <subfield code="c"> , [2003?]</subfield>
    </datafield>
    <datafield tag="650" ind1=" " ind2=" ">
      <subfield code="a"> TEHUELCHES</subfield>
    </datafield>
    <datafield tag="650" ind1=" " ind2=" ">
      <subfield code="a"> SANTA CRUZ (ARGENTINA)</subfield>
    </datafield>
    <datafield tag="650" ind1=" " ind2=" ">
      <subfield code="a"> HISTORIA ARGENTINA</subfield>
    </datafield>
    <datafield tag="650" ind1=" " ind2=" ">
      <subfield code="a"> REGION PATAGONICA</subfield>
    </datafield>
    <datafield tag="650" ind1=" " ind2=" ">
      <subfield code="a"> CINE ARGENTINO</subfield>
    </datafield>
    <datafield tag="942" ind1=" " ind2=" ">
      <subfield code="c">VD</subfield>
    </datafield>
    <datafield tag="952" ind1=" " ind2=" ">
      <subfield code="a">BIB_RECT</subfield>
      <subfield code="b">BIB_UARG</subfield>
      <subfield code="d">2005-08-23</subfield>
      <subfield code="y">VD</subfield>
      <subfield code="p">05-26382</subfield>
      <subfield code="i">05-26382</subfield>
      <subfield code="g">50</subfield>
      <subfield code="o">V572.02 B979r</subfield>
      <subfield code="e">Donación</subfield>
      <subfield code="8">MM</subfield>
    </datafield>
  </record>