
  <record>
    <leader>01000aam  22002601a 4500</leader>
    <controlfield tag="001">YPZ736</controlfield>
    <controlfield tag="003">YPZ</controlfield>
    <controlfield tag="005">200502280000000</controlfield>
    <controlfield tag="008">050228|###########||||||b||||||||||spa|d</controlfield>
    <datafield tag="040" ind1=" " ind2=" ">
      <subfield code="c">SIUNPA</subfield>
    </datafield>
    <datafield tag="041" ind1=" " ind2=" ">
      <subfield code="a">spa</subfield>
    </datafield>
    <datafield tag="044" ind1=" " ind2=" ">
      <subfield code="a">AR</subfield>
    </datafield>
    <datafield tag="080" ind1=" " ind2=" ">
      <subfield code="a">V635.01 F815i</subfield>
    </datafield>
    <datafield tag="100" ind1=" " ind2=" ">
      <subfield code="a">Francescangeli, Nora.</subfield>
    </datafield>
    <datafield tag="700" ind1=" " ind2=" ">
      <subfield code="a">Mitidieri, Mariel.</subfield>
    </datafield>
    <datafield tag="245" ind1=" " ind2=" ">
      <subfield code="a">El invernadero hortícola</subfield>
      <subfield code="b"> : estructuras, manejo de cultivos, técnicas de climatización</subfield>
    </datafield>
    <datafield tag="260" ind1=" " ind2=" ">
      <subfield code="a">San Pedro, Buenos Aires</subfield>
      <subfield code="b"> : Estación Experimental Agropecuaria San Pedro, INTA</subfield>
      <subfield code="c"> , 1997</subfield>
    </datafield>
    <datafield tag="300" ind1=" " ind2=" ">
      <subfield code="a">1 videocasete (VHS) (ca. 20 min.) : </subfield>
      <subfield code="b">son., col. ; </subfield>
      <subfield code="a">12 videocasete (VHS) (ca. 600 min.) : </subfield>
      <subfield code="b">son., col. ; </subfield>
      <subfield code="a">1 videocasete (VHS) (16 min.) : </subfield>
      <subfield code="b">son., col. ; </subfield>
      <subfield code="a">1 videocasete (VHS) (ca. 50 min.) : </subfield>
      <subfield code="b">son., col. ; </subfield>
      <subfield code="a">1 videocasete (VHS) (ca. 60 min.) : </subfield>
      <subfield code="b">son., col. ; </subfield>
      <subfield code="a">1 videocasete (VHS) (ca. 60 min) : </subfield>
      <subfield code="b">son., col. ; </subfield>
      <subfield code="a">1 Videocasete (VHS) (ca. 60 min.) : </subfield>
      <subfield code="b">son., col. ; </subfield>
      <subfield code="a">1 videocasete (VHS) (13 min.) : </subfield>
      <subfield code="b">son., col. ; </subfield>
      <subfield code="a">5 videocasete (VHS) (ca. 800 min.) : </subfield>
      <subfield code="b">son., col. ; </subfield>
      <subfield code="a">4 videocasete (VHS) (ca. 480 min.) : </subfield>
      <subfield code="b">son., col. ; </subfield>
      <subfield code="a">5 videocasetes (VHS) (ca. 800 min.) : </subfield>
      <subfield code="b">son., col. ; </subfield>
      <subfield code="a">5 videocasete (VHS) (ca. 800 min.) : </subfield>
      <subfield code="b">son., col. ; </subfield>
      <subfield code="a">1 videocasete (VHS) (35 min.) : </subfield>
      <subfield code="b">son., col. ; </subfield>
      <subfield code="a">1 videocasete (VHS) (175 min.) : </subfield>
      <subfield code="b">son., col. ; </subfield>
      <subfield code="e">1 folleto (72 p. : il.)</subfield>
    </datafield>
    <datafield tag="500" ind1=" " ind2=" ">
      <subfield code="a">Tít. de partida: Curso el invernadero hortícola</subfield>
    </datafield>
    <datafield tag="650" ind1=" " ind2=" ">
      <subfield code="a"> INVERNADEROS</subfield>
    </datafield>
    <datafield tag="650" ind1=" " ind2=" ">
      <subfield code="a"> CULTIVOS DE INVERNADERO</subfield>
    </datafield>
    <datafield tag="650" ind1=" " ind2=" ">
      <subfield code="a"> HORTICULTURA</subfield>
    </datafield>
    <datafield tag="942" ind1=" " ind2=" ">
      <subfield code="c">VD</subfield>
    </datafield>
    <datafield tag="952" ind1=" " ind2=" ">
      <subfield code="a">BIB_RECT</subfield>
      <subfield code="b">BIB_UACO</subfield>
      <subfield code="d">2005-08-23</subfield>
      <subfield code="y">VD</subfield>
      <subfield code="p">02-26853</subfield>
      <subfield code="i">02-26853</subfield>
      <subfield code="g">40</subfield>
      <subfield code="o">V635.01 F815i</subfield>
      <subfield code="e">SIUNPA</subfield>
      <subfield code="8">MM</subfield>
    </datafield>
    <datafield tag="952" ind1=" " ind2=" ">
      <subfield code="a">BIB_RECT</subfield>
      <subfield code="b">BIB_UACO</subfield>
      <subfield code="d">2005-08-23</subfield>
      <subfield code="y">VD</subfield>
      <subfield code="p">02-26858</subfield>
      <subfield code="i">02-26858</subfield>
      <subfield code="g">10</subfield>
      <subfield code="o">V635.01 F815i</subfield>
      <subfield code="e">SIUNPA</subfield>
      <subfield code="8">MM</subfield>
    </datafield>
  </record>