
  <record>
    <leader>01000aam  22002601a 4500</leader>
    <controlfield tag="001">YPZ738</controlfield>
    <controlfield tag="003">YPZ</controlfield>
    <controlfield tag="005">200503080000000</controlfield>
    <controlfield tag="008">050308|###########||||||b||||||||||spa|d</controlfield>
    <datafield tag="040" ind1=" " ind2=" ">
      <subfield code="c">SIUNPA</subfield>
    </datafield>
    <datafield tag="041" ind1=" " ind2=" ">
      <subfield code="a">spa</subfield>
    </datafield>
    <datafield tag="044" ind1=" " ind2=" ">
      <subfield code="a">AR</subfield>
    </datafield>
    <datafield tag="080" ind1=" " ind2=" ">
      <subfield code="a">V323.28 A165a</subfield>
    </datafield>
    <datafield tag="110" ind1=" " ind2=" ">
      <subfield code="a">Abuelas de Plaza de Mayo.</subfield>
    </datafield>
    <datafield tag="710" ind1=" " ind2=" ">
      <subfield code="a">Argentina. Comisión Nacional por el Derecho a la Identidad, CONADI.</subfield>
    </datafield>
    <datafield tag="245" ind1=" " ind2=" ">
      <subfield code="a">Todos los días</subfield>
      <subfield code="b"> : 26 años buscando a sus nietos</subfield>
    </datafield>
    <datafield tag="260" ind1=" " ind2=" ">
      <subfield code="a">Buenos Aires</subfield>
      <subfield code="b"> : Sudamerica Cine</subfield>
      <subfield code="c"> , 2003</subfield>
    </datafield>
    <datafield tag="500" ind1=" " ind2=" ">
      <subfield code="a">Programa emitido por Canal 7 el 22 de octubre de 2003</subfield>
    </datafield>
    <datafield tag="500" ind1=" " ind2=" ">
      <subfield code="a">Conducción: Juan Castro y Esteban Prol</subfield>
    </datafield>
    <datafield tag="650" ind1=" " ind2=" ">
      <subfield code="a"> DERECHOS HUMANOS</subfield>
    </datafield>
    <datafield tag="650" ind1=" " ind2=" ">
      <subfield code="a"> DESAPARECIDOS</subfield>
    </datafield>
    <datafield tag="650" ind1=" " ind2=" ">
      <subfield code="a"> TERRORISMO DE ESTADO</subfield>
    </datafield>
    <datafield tag="650" ind1=" " ind2=" ">
      <subfield code="a"> HISTORIA ARGENTINA</subfield>
    </datafield>
    <datafield tag="942" ind1=" " ind2=" ">
      <subfield code="c">VD</subfield>
    </datafield>
    <datafield tag="952" ind1=" " ind2=" ">
      <subfield code="a">BIB_RECT</subfield>
      <subfield code="b">BIB_UARG</subfield>
      <subfield code="d">2005-08-23</subfield>
      <subfield code="y">VD</subfield>
      <subfield code="p">05-27028</subfield>
      <subfield code="i">05-27028</subfield>
      <subfield code="g">0</subfield>
      <subfield code="o">V323.28 A165a</subfield>
      <subfield code="e">Donación Identidad/0</subfield>
      <subfield code="8">MM</subfield>
    </datafield>
  </record>