
  <record>
    <leader>01000aam  22002601a 4500</leader>
    <controlfield tag="001">YPZ740</controlfield>
    <controlfield tag="003">YPZ</controlfield>
    <controlfield tag="005">200503080000000</controlfield>
    <controlfield tag="008">050308|###########||||||b||||||||||spa|d</controlfield>
    <datafield tag="040" ind1=" " ind2=" ">
      <subfield code="c">SIUNPA</subfield>
    </datafield>
    <datafield tag="041" ind1=" " ind2=" ">
      <subfield code="a">spa</subfield>
    </datafield>
    <datafield tag="044" ind1=" " ind2=" ">
      <subfield code="a">AR</subfield>
    </datafield>
    <datafield tag="080" ind1=" " ind2=" ">
      <subfield code="a">V711.5 P832p</subfield>
    </datafield>
    <datafield tag="245" ind1=" " ind2=" ">
      <subfield code="a">Por una tierra nuestra</subfield>
      <subfield code="c"> / Céspedes, Marcelo, dir. y guión ; Castets, Fernando, fotografía y cámara ; Bauer, Tristán, cámara ; Mari, Pablo, montaje ; Abbate, Carlos, sonido ; Díaz, José L., sonido</subfield>
    </datafield>
    <datafield tag="260" ind1=" " ind2=" ">
      <subfield code="a">Buenos Aires</subfield>
      <subfield code="b"> : Cine Ojo</subfield>
      <subfield code="c"> , 1985</subfield>
    </datafield>
    <datafield tag="650" ind1=" " ind2=" ">
      <subfield code="a"> ASENTAMIENTO DE PRECARISTA</subfield>
    </datafield>
    <datafield tag="650" ind1=" " ind2=" ">
      <subfield code="a"> NECESIDAD DE VIVIENDA</subfield>
    </datafield>
    <datafield tag="650" ind1=" " ind2=" ">
      <subfield code="a"> MARGINACION SOCIAL</subfield>
    </datafield>
    <datafield tag="650" ind1=" " ind2=" ">
      <subfield code="a"> NECESIDADES BASICAS</subfield>
    </datafield>
    <datafield tag="650" ind1=" " ind2=" ">
      <subfield code="a"> BUENOS AIRES (ARGENTINA)</subfield>
    </datafield>
    <datafield tag="942" ind1=" " ind2=" ">
      <subfield code="c">VD</subfield>
    </datafield>
    <datafield tag="952" ind1=" " ind2=" ">
      <subfield code="a">BIB_RECT</subfield>
      <subfield code="b">BIB_UARG</subfield>
      <subfield code="d">2005-08-23</subfield>
      <subfield code="y">VD</subfield>
      <subfield code="p">05-27114</subfield>
      <subfield code="i">05-27114</subfield>
      <subfield code="g">25</subfield>
      <subfield code="o">V711.5 P832p</subfield>
      <subfield code="e">AAB-UARG/03</subfield>
      <subfield code="8">MM</subfield>
    </datafield>
  </record>