
  <record>
    <leader>01000aam  22002601a 4500</leader>
    <controlfield tag="001">YPZ741</controlfield>
    <controlfield tag="003">YPZ</controlfield>
    <controlfield tag="005">200503080000000</controlfield>
    <controlfield tag="008">050308|###########||||||b||||||||||spa|d</controlfield>
    <datafield tag="040" ind1=" " ind2=" ">
      <subfield code="c">SIUNPA</subfield>
    </datafield>
    <datafield tag="041" ind1=" " ind2=" ">
      <subfield code="a">spa</subfield>
    </datafield>
    <datafield tag="044" ind1=" " ind2=" ">
      <subfield code="a">AR</subfield>
    </datafield>
    <datafield tag="080" ind1=" " ind2=" ">
      <subfield code="a">V323.28 C334c</subfield>
    </datafield>
    <datafield tag="245" ind1=" " ind2=" ">
      <subfield code="a">1977, casa tomada</subfield>
      <subfield code="c"> / Pilotti, María, guión y dir. ; Vazquez, Pablo, asistente de dir. ; Arruti, Mariana, cámara ; Cámara, Luis, cámara ; Castelli, Aldo, cámara ; Baraj, Bernardo, música original ; Di Pascuale, Jorge, diseño gráfico</subfield>
    </datafield>
    <datafield tag="260" ind1=" " ind2=" ">
      <subfield code="a">Buenos Aires</subfield>
      <subfield code="b"> : Fundación Alumbrar</subfield>
      <subfield code="c"> , [1997?]</subfield>
    </datafield>
    <datafield tag="650" ind1=" " ind2=" ">
      <subfield code="a"> DESAPARECIDOS</subfield>
    </datafield>
    <datafield tag="650" ind1=" " ind2=" ">
      <subfield code="a"> HISTORIA ARGENTINA</subfield>
    </datafield>
    <datafield tag="650" ind1=" " ind2=" ">
      <subfield code="a"> SIGLO XX</subfield>
    </datafield>
    <datafield tag="942" ind1=" " ind2=" ">
      <subfield code="c">VD</subfield>
    </datafield>
    <datafield tag="952" ind1=" " ind2=" ">
      <subfield code="a">BIB_RECT</subfield>
      <subfield code="b">BIB_UARG</subfield>
      <subfield code="d">2005-08-23</subfield>
      <subfield code="y">VD</subfield>
      <subfield code="p">05-27113</subfield>
      <subfield code="i">05-27113</subfield>
      <subfield code="g">18</subfield>
      <subfield code="o">V323.28 C334c</subfield>
      <subfield code="e">AAB-UARG/03</subfield>
      <subfield code="8">MM</subfield>
    </datafield>
  </record>