
  <record>
    <leader>01000aam  22002601a 4500</leader>
    <controlfield tag="001">YPZ764</controlfield>
    <controlfield tag="003">YPZ</controlfield>
    <controlfield tag="005">200503210000000</controlfield>
    <controlfield tag="008">050321|###########||||||b||||||||||spa|d</controlfield>
    <datafield tag="040" ind1=" " ind2=" ">
      <subfield code="c">SIUNPA</subfield>
    </datafield>
    <datafield tag="041" ind1=" " ind2=" ">
      <subfield code="a">spa</subfield>
    </datafield>
    <datafield tag="044" ind1=" " ind2=" ">
      <subfield code="a">AR</subfield>
    </datafield>
    <datafield tag="080" ind1=" " ind2=" ">
      <subfield code="a">V94(829.0) A691h</subfield>
    </datafield>
    <datafield tag="110" ind1=" " ind2=" ">
      <subfield code="a">Argentina. Fuerza Aérea. Patrulla Soberanía.</subfield>
    </datafield>
    <datafield tag="245" ind1=" " ind2=" ">
      <subfield code="a">Fundación de la base aérea Vicecomodoro Marambio de la Antártida Argentina</subfield>
      <subfield code="b"> : un hecho histórico para recordar, 29 de octubre de 1969</subfield>
    </datafield>
    <datafield tag="260" ind1=" " ind2=" ">
      <subfield code="a">Villa Adelina, Buenos Aires</subfield>
      <subfield code="b"> : Patrulla Soberanía</subfield>
      <subfield code="c"> , [1997]</subfield>
    </datafield>
    <datafield tag="300" ind1=" " ind2=" ">
      <subfield code="a">1 videocasete (VHS) (109 min.) : </subfield>
      <subfield code="b">son., col. ; </subfield>
      <subfield code="a">1 videocasete (VHS) (59 min.) : </subfield>
      <subfield code="b">son., col. ; </subfield>
      <subfield code="a">1 videocasete (VHS) (22 min.) : </subfield>
      <subfield code="b">son., col. ; </subfield>
      <subfield code="a">1 videocasete (VHS) (ca. 30 min.) : </subfield>
      <subfield code="b">son., col. ; </subfield>
      <subfield code="a">1 Video (VHS) (30 min.) : </subfield>
      <subfield code="b">son., col. ; </subfield>
      <subfield code="e">1 casete sonoro + 2 foll. (14, 4 p.) : il + 1 h. pleg. (calendario) + 1 mapa</subfield>
    </datafield>
    <datafield tag="650" ind1=" " ind2=" ">
      <subfield code="a"> HISTORIA ARGENTINA</subfield>
    </datafield>
    <datafield tag="650" ind1=" " ind2=" ">
      <subfield code="a"> BASE MARAMBIO (ARGENTINA)</subfield>
    </datafield>
    <datafield tag="650" ind1=" " ind2=" ">
      <subfield code="a"> ANTARTIDA</subfield>
    </datafield>
    <datafield tag="942" ind1=" " ind2=" ">
      <subfield code="c">VD</subfield>
    </datafield>
    <datafield tag="952" ind1=" " ind2=" ">
      <subfield code="a">BIB_RECT</subfield>
      <subfield code="b">BIB_UACO</subfield>
      <subfield code="d">2005-08-23</subfield>
      <subfield code="y">VD</subfield>
      <subfield code="p">02-27188</subfield>
      <subfield code="i">02-27188</subfield>
      <subfield code="g">30</subfield>
      <subfield code="o">V94(829.0) A691h</subfield>
      <subfield code="e">Donación Patrulla "S</subfield>
      <subfield code="8">CG</subfield>
    </datafield>
  </record>