
  <record>
    <leader>01000aam  22002601a 4500</leader>
    <controlfield tag="001">YPZ815</controlfield>
    <controlfield tag="003">YPZ</controlfield>
    <controlfield tag="005">200503310000000</controlfield>
    <controlfield tag="008">050331|###########||||||b||||||||||spa|d</controlfield>
    <datafield tag="040" ind1=" " ind2=" ">
      <subfield code="c">SIUNPA</subfield>
    </datafield>
    <datafield tag="041" ind1=" " ind2=" ">
      <subfield code="a">spa</subfield>
    </datafield>
    <datafield tag="044" ind1=" " ind2=" ">
      <subfield code="a">AR</subfield>
    </datafield>
    <datafield tag="080" ind1=" " ind2=" ">
      <subfield code="a">V159.92 J828j</subfield>
    </datafield>
    <datafield tag="110" ind1=" " ind2=" ">
      <subfield code="a">Jornadas de Psicogénesis (1995 : Caleta Olivia, Santa Cruz).</subfield>
    </datafield>
    <datafield tag="245" ind1=" " ind2=" ">
      <subfield code="a">Jornadas de Psicogénesis</subfield>
    </datafield>
    <datafield tag="260" ind1=" " ind2=" ">
      <subfield code="a">Caleta Olivia</subfield>
      <subfield code="b"> : Unidad Académica Caleta Olivia, UFPA</subfield>
      <subfield code="c"> , 1995</subfield>
    </datafield>
    <datafield tag="300" ind1=" " ind2=" ">
      <subfield code="a">1 videocasete (VHS) (ca. 30 min.) : </subfield>
      <subfield code="b">son., col. ; </subfield>
      <subfield code="a">videocasetes (VHS) : </subfield>
      <subfield code="b">son., col. ; </subfield>
    </datafield>
    <datafield tag="500" ind1=" " ind2=" ">
      <subfield code="a">La biblioteca posee: cass. 2</subfield>
    </datafield>
    <datafield tag="650" ind1=" " ind2=" ">
      <subfield code="a"> PSICOGENESIS</subfield>
    </datafield>
    <datafield tag="942" ind1=" " ind2=" ">
      <subfield code="c">VD</subfield>
    </datafield>
    <datafield tag="952" ind1=" " ind2=" ">
      <subfield code="a">BIB_RECT</subfield>
      <subfield code="b">BIB_UARG</subfield>
      <subfield code="d">2005-08-23</subfield>
      <subfield code="y">VD</subfield>
      <subfield code="p">05-27380</subfield>
      <subfield code="i">05-27380</subfield>
      <subfield code="g">12</subfield>
      <subfield code="o">V159.92 J828j</subfield>
      <subfield code="e">Donación</subfield>
      <subfield code="8">MM</subfield>
    </datafield>
  </record>