
  <record>
    <leader>01000aam  22002601a 4500</leader>
    <controlfield tag="001">YPZ2757</controlfield>
    <controlfield tag="003">YPZ</controlfield>
    <controlfield tag="005">200409140000000</controlfield>
    <controlfield tag="008">040914|###########||||||b||||||||||spa|d</controlfield>
    <datafield tag="020" ind1=" " ind2=" ">
      <subfield code="a">9500650207 (o.c.)</subfield>
    </datafield>
    <datafield tag="020" ind1=" " ind2=" ">
      <subfield code="a">9500607549 (Eje vertebral y miembro inferior)</subfield>
    </datafield>
    <datafield tag="020" ind1=" " ind2=" ">
      <subfield code="a">9500607573 (Contenido de abdomen y pelvis)</subfield>
    </datafield>
    <datafield tag="020" ind1=" " ind2=" ">
      <subfield code="a">9500607565 (Tórax, paredes de abdomen y pelvis)</subfield>
    </datafield>
    <datafield tag="020" ind1=" " ind2=" ">
      <subfield code="a">9500607530 (Miembro superior)</subfield>
    </datafield>
    <datafield tag="020" ind1=" " ind2=" ">
      <subfield code="a">9500607557 (Neuroanatomía cabeza y cuello)</subfield>
    </datafield>
    <datafield tag="040" ind1=" " ind2=" ">
      <subfield code="c">SIUNPA</subfield>
    </datafield>
    <datafield tag="041" ind1=" " ind2=" ">
      <subfield code="a">spa</subfield>
    </datafield>
    <datafield tag="044" ind1=" " ind2=" ">
      <subfield code="a">AR</subfield>
    </datafield>
    <datafield tag="080" ind1=" " ind2=" ">
      <subfield code="a">V611 F383a</subfield>
    </datafield>
    <datafield tag="100" ind1=" " ind2=" ">
      <subfield code="a">Ferreira, Luis N..</subfield>
    </datafield>
    <datafield tag="700" ind1=" " ind2=" ">
      <subfield code="a">Teragni, Eduardo.</subfield>
    </datafield>
    <datafield tag="700" ind1=" " ind2=" ">
      <subfield code="a">Pro, Eduardo.</subfield>
    </datafield>
    <datafield tag="700" ind1=" " ind2=" ">
      <subfield code="a">... [et al.].</subfield>
    </datafield>
    <datafield tag="245" ind1=" " ind2=" ">
      <subfield code="a">Anatomía humana</subfield>
    </datafield>
    <datafield tag="260" ind1=" " ind2=" ">
      <subfield code="a">Buenos Aires</subfield>
      <subfield code="b"> : Médica Panamericana</subfield>
      <subfield code="c"> , 1987</subfield>
    </datafield>
    <datafield tag="300" ind1=" " ind2=" ">
      <subfield code="a">1 videocasete (VHS) (ca. 15 min.) : </subfield>
      <subfield code="b">son., col. ; </subfield>
      <subfield code="a">5 videocasete (VHS) (600 min.) : </subfield>
      <subfield code="b">son., col. ; </subfield>
      <subfield code="e">1 libro-guía</subfield>
    </datafield>
    <datafield tag="500" ind1=" " ind2=" ">
      <subfield code="a">Contenido de la guía: Anatomía humana: guía de interpretación y autoevaluación</subfield>
    </datafield>
    <datafield tag="505" ind1=" " ind2=" ">
      <subfield code="a">Contenido: 1. Miembro superior - 2. Eje vertebral y miembro inferior - 3. Neuroanatomía cabeza y cuello - 4. Tórax, paredes de abdomen y pelvis - 5. Contenido de abdomen y pelvis</subfield>
    </datafield>
    <datafield tag="650" ind1=" " ind2=" ">
      <subfield code="a"> ANATOMIA</subfield>
    </datafield>
    <datafield tag="942" ind1=" " ind2=" ">
      <subfield code="c">VD</subfield>
    </datafield>
    <datafield tag="952" ind1=" " ind2=" ">
      <subfield code="a">BIB_RECT</subfield>
      <subfield code="b">BIB_UACO</subfield>
      <subfield code="d">2008-05-22</subfield>
      <subfield code="y">VD</subfield>
      <subfield code="p">02-07740</subfield>
      <subfield code="i">02-07740</subfield>
      <subfield code="g">45</subfield>
      <subfield code="o">V611 F383a</subfield>
      <subfield code="e">Desconocido</subfield>
      <subfield code="8">MM</subfield>
    </datafield>
    <datafield tag="952" ind1=" " ind2=" ">
      <subfield code="a">BIB_RECT</subfield>
      <subfield code="b">BIB_UACO</subfield>
      <subfield code="d">2008-05-22</subfield>
      <subfield code="y">VD</subfield>
      <subfield code="p">02-07741</subfield>
      <subfield code="i">02-07741</subfield>
      <subfield code="g">45</subfield>
      <subfield code="o">V611 F383a</subfield>
      <subfield code="e">Desconocido</subfield>
      <subfield code="8">MM</subfield>
    </datafield>
    <datafield tag="952" ind1=" " ind2=" ">
      <subfield code="a">BIB_RECT</subfield>
      <subfield code="b">BIB_UASJ</subfield>
      <subfield code="d">2006-10-11</subfield>
      <subfield code="y">VD</subfield>
      <subfield code="p">04-v00037</subfield>
      <subfield code="i">04-v00037</subfield>
      <subfield code="g">80</subfield>
      <subfield code="o">V611 F383a</subfield>
      <subfield code="e"/>
      <subfield code="8">MM</subfield>
    </datafield>
    <datafield tag="952" ind1=" " ind2=" ">
      <subfield code="a">BIB_RECT</subfield>
      <subfield code="b">BIB_UARG</subfield>
      <subfield code="d">2005-08-23</subfield>
      <subfield code="y">VD</subfield>
      <subfield code="p">05-13921</subfield>
      <subfield code="i">05-13921</subfield>
      <subfield code="g">80</subfield>
      <subfield code="o">V611 F383a</subfield>
      <subfield code="e">UARG</subfield>
      <subfield code="8">MM</subfield>
    </datafield>
    <datafield tag="952" ind1=" " ind2=" ">
      <subfield code="a">BIB_RECT</subfield>
      <subfield code="b">BIB_UARG</subfield>
      <subfield code="d">2007-10-31</subfield>
      <subfield code="y">VD</subfield>
      <subfield code="p">05-33758</subfield>
      <subfield code="i">05-33758</subfield>
      <subfield code="g">80</subfield>
      <subfield code="o">V611 F383a</subfield>
      <subfield code="e">Compra UARG</subfield>
      <subfield code="8">MM</subfield>
    </datafield>
    <datafield tag="952" ind1=" " ind2=" ">
      <subfield code="a">BIB_RECT</subfield>
      <subfield code="b">BIB_UARG</subfield>
      <subfield code="d">2007-10-31</subfield>
      <subfield code="y">VD</subfield>
      <subfield code="p">05-33759</subfield>
      <subfield code="i">05-33759</subfield>
      <subfield code="g">80</subfield>
      <subfield code="o">V611 F383a</subfield>
      <subfield code="e">Compra UARG</subfield>
      <subfield code="8">MM</subfield>
    </datafield>
    <datafield tag="952" ind1=" " ind2=" ">
      <subfield code="a">BIB_RECT</subfield>
      <subfield code="b">BIB_UARG</subfield>
      <subfield code="d">2007-10-31</subfield>
      <subfield code="y">VD</subfield>
      <subfield code="p">05-33760</subfield>
      <subfield code="i">05-33760</subfield>
      <subfield code="g">80</subfield>
      <subfield code="o">V611 F383a</subfield>
      <subfield code="e">Compra UARG</subfield>
      <subfield code="8">MM</subfield>
    </datafield>
    <datafield tag="952" ind1=" " ind2=" ">
      <subfield code="a">BIB_RECT</subfield>
      <subfield code="b">BIB_UARG</subfield>
      <subfield code="d">2007-10-31</subfield>
      <subfield code="y">VD</subfield>
      <subfield code="p">05-33761</subfield>
      <subfield code="i">05-33761</subfield>
      <subfield code="g">50</subfield>
      <subfield code="o">V611 F383a</subfield>
      <subfield code="e">Compra UARG</subfield>
      <subfield code="8">MM</subfield>
    </datafield>
    <datafield tag="952" ind1=" " ind2=" ">
      <subfield code="a">BIB_RECT</subfield>
      <subfield code="b">BIB_UARG</subfield>
      <subfield code="d">2007-10-31</subfield>
      <subfield code="y">VD</subfield>
      <subfield code="p">05-33762</subfield>
      <subfield code="i">05-33762</subfield>
      <subfield code="g">80</subfield>
      <subfield code="o">V611 F383a</subfield>
      <subfield code="e">Compra UARG</subfield>
      <subfield code="8">MM</subfield>
    </datafield>
    <datafield tag="952" ind1=" " ind2=" ">
      <subfield code="a">BIB_RECT</subfield>
      <subfield code="b">BIB_UARG</subfield>
      <subfield code="d">2006-08-28</subfield>
      <subfield code="y">VD</subfield>
      <subfield code="p">05-v13921</subfield>
      <subfield code="i">05-v13921</subfield>
      <subfield code="g">80</subfield>
      <subfield code="o">V611 F383a</subfield>
      <subfield code="e">UARG</subfield>
      <subfield code="8">MM</subfield>
    </datafield>
  </record>