
  <record>
    <leader>01000aam  22002601a 4500</leader>
    <controlfield tag="001">YPZ5160</controlfield>
    <controlfield tag="003">YPZ</controlfield>
    <controlfield tag="005">200508310927000</controlfield>
    <controlfield tag="008">050831|###########||||||b||||||||||spa|d</controlfield>
    <datafield tag="020" ind1=" " ind2=" ">
      <subfield code="a">9874337680</subfield>
    </datafield>
    <datafield tag="040" ind1=" " ind2=" ">
      <subfield code="c">SIUNPA</subfield>
    </datafield>
    <datafield tag="041" ind1=" " ind2=" ">
      <subfield code="a">spa</subfield>
    </datafield>
    <datafield tag="044" ind1=" " ind2=" ">
      <subfield code="a">AR</subfield>
    </datafield>
    <datafield tag="080" ind1=" " ind2=" ">
      <subfield code="a">V94(82) H232h</subfield>
    </datafield>
    <datafield tag="100" ind1=" " ind2=" ">
      <subfield code="a">Hamra, Diana.</subfield>
    </datafield>
    <datafield tag="700" ind1=" " ind2=" ">
      <subfield code="a">Pigna, Felipe.</subfield>
    </datafield>
    <datafield tag="245" ind1=" " ind2=" ">
      <subfield code="a">Historia Argentina</subfield>
      <subfield code="b"> : procesos socioeconómicos políticos y culturales</subfield>
      <subfield code="c"> / Pigna, Felipe, dir., producción general y guión ; Gerardo, Juan Carlos, dir.</subfield>
    </datafield>
    <datafield tag="260" ind1=" " ind2=" ">
      <subfield code="a">Buenos Aires</subfield>
      <subfield code="b"> : Diana Producciones</subfield>
      <subfield code="c"> , 2001, 2003</subfield>
    </datafield>
    <datafield tag="300" ind1=" " ind2=" ">
      <subfield code="a">12 videocasetes (VHS) (ca. 740 min.) : </subfield>
      <subfield code="b">son., col. ; </subfield>
      <subfield code="e">1 foll.</subfield>
    </datafield>
    <datafield tag="440" ind1=" " ind2=" ">
      <subfield code="a">Colección educativa Vidacta. Ciencias Sociales</subfield>
      <subfield code="a">Colección educativa Vidacta. Ciencias Sociales</subfield>
      <subfield code="a">Colección educativa Vidacta. Ciencias Sociales</subfield>
      <subfield code="a">Colección educativa Vidacta. Tecnología</subfield>
      <subfield code="a">Historia Argentina</subfield>
      <subfield code="v">1-12</subfield>
    </datafield>
    <datafield tag="490" ind1=" " ind2=" ">
      <subfield code="a">Colección educativa Vidacta. Ciencias Sociales</subfield>
      <subfield code="a">Colección educativa Vidacta. Ciencias Sociales</subfield>
      <subfield code="a">Colección educativa Vidacta. Ciencias Sociales</subfield>
      <subfield code="a">Colección educativa Vidacta. Tecnología</subfield>
      <subfield code="a">Historia Argentina</subfield>
      <subfield code="v">1-12</subfield>
    </datafield>
    <datafield tag="500" ind1=" " ind2=" ">
      <subfield code="a">Nota de contenido: 1. 1776-1813 -- 2. 1814-1837 -- 3. 1837-1880 -- 4. 1880-1909 -- 5. 1909-1930 -- 6. 1930-1943 -- 7. 1943-1955 -- 8. 1955-1973 -- 9. 1973-1976 -- 10. 1976-1978 -- 11. 1978-1983 -- 12. 1983-1989</subfield>
    </datafield>
    <datafield tag="650" ind1=" " ind2=" ">
      <subfield code="a">HISTORIA ARGENTINA</subfield>
    </datafield>
    <datafield tag="942" ind1=" " ind2=" ">
      <subfield code="c">VD</subfield>
    </datafield>
    <datafield tag="952" ind1=" " ind2=" ">
      <subfield code="a">BIB_RECT</subfield>
      <subfield code="b">BIB_UARG</subfield>
      <subfield code="d">2014-09-10</subfield>
      <subfield code="y">VD</subfield>
      <subfield code="p">02-06579</subfield>
      <subfield code="i">02-06579</subfield>
      <subfield code="g">50</subfield>
      <subfield code="o">V94(82) H232h</subfield>
      <subfield code="e">Desconocido</subfield>
      <subfield code="8">MM</subfield>
    </datafield>
    <datafield tag="952" ind1=" " ind2=" ">
      <subfield code="a">BIB_RECT</subfield>
      <subfield code="b">BIB_UACO</subfield>
      <subfield code="d">2014-09-10</subfield>
      <subfield code="y">VD</subfield>
      <subfield code="p">02-06580</subfield>
      <subfield code="i">02-06580</subfield>
      <subfield code="g">50</subfield>
      <subfield code="o">V94(82) H232h</subfield>
      <subfield code="e">Desconocido</subfield>
      <subfield code="8">MM</subfield>
    </datafield>
    <datafield tag="952" ind1=" " ind2=" ">
      <subfield code="a">BIB_RECT</subfield>
      <subfield code="b">BIB_UACO</subfield>
      <subfield code="d">2014-09-10</subfield>
      <subfield code="y">VD</subfield>
      <subfield code="p">02-06581</subfield>
      <subfield code="i">02-06581</subfield>
      <subfield code="g">50</subfield>
      <subfield code="o">V94(82) H232h</subfield>
      <subfield code="e">Desconocido</subfield>
      <subfield code="8">MM</subfield>
    </datafield>
    <datafield tag="952" ind1=" " ind2=" ">
      <subfield code="a">BIB_RECT</subfield>
      <subfield code="b">BIB_UACO</subfield>
      <subfield code="d">2014-09-10</subfield>
      <subfield code="y">VD</subfield>
      <subfield code="p">02-06582</subfield>
      <subfield code="i">02-06582</subfield>
      <subfield code="g">50</subfield>
      <subfield code="o">V94(82) H232h</subfield>
      <subfield code="e">Desconocido</subfield>
      <subfield code="8">MM</subfield>
    </datafield>
    <datafield tag="952" ind1=" " ind2=" ">
      <subfield code="a">BIB_RECT</subfield>
      <subfield code="b">BIB_UACO</subfield>
      <subfield code="d">2005-08-31</subfield>
      <subfield code="y">VD</subfield>
      <subfield code="p">02-21123</subfield>
      <subfield code="i">02-21123</subfield>
      <subfield code="g">22</subfield>
      <subfield code="o">V94(82) H232h</subfield>
      <subfield code="e">SIUNPA</subfield>
      <subfield code="8">MM</subfield>
    </datafield>
    <datafield tag="952" ind1=" " ind2=" ">
      <subfield code="a">BIB_RECT</subfield>
      <subfield code="b">BIB_UACO</subfield>
      <subfield code="d">2005-08-31</subfield>
      <subfield code="y">VD</subfield>
      <subfield code="p">02-21973</subfield>
      <subfield code="i">02-21973</subfield>
      <subfield code="g">22</subfield>
      <subfield code="o">V94(82) H232h</subfield>
      <subfield code="e">SIUNPA</subfield>
      <subfield code="8">MM</subfield>
    </datafield>
    <datafield tag="952" ind1=" " ind2=" ">
      <subfield code="a">BIB_RECT</subfield>
      <subfield code="b">BIB_UACO</subfield>
      <subfield code="d">2005-08-31</subfield>
      <subfield code="y">VD</subfield>
      <subfield code="p">02-21974</subfield>
      <subfield code="i">02-21974</subfield>
      <subfield code="g">22</subfield>
      <subfield code="o">V94(82) H232h</subfield>
      <subfield code="e">SIUNPA</subfield>
      <subfield code="8">MM</subfield>
    </datafield>
    <datafield tag="952" ind1=" " ind2=" ">
      <subfield code="a">BIB_RECT</subfield>
      <subfield code="b">BIB_UACO</subfield>
      <subfield code="d">2005-08-31</subfield>
      <subfield code="y">VD</subfield>
      <subfield code="p">02-21975</subfield>
      <subfield code="i">02-21975</subfield>
      <subfield code="g">22</subfield>
      <subfield code="o">V94(82) H232h</subfield>
      <subfield code="e">SIUNPA</subfield>
      <subfield code="8">MM</subfield>
    </datafield>
    <datafield tag="952" ind1=" " ind2=" ">
      <subfield code="a">BIB_RECT</subfield>
      <subfield code="b">BIB_UACO</subfield>
      <subfield code="d">2005-08-31</subfield>
      <subfield code="y">VD</subfield>
      <subfield code="p">02-21976</subfield>
      <subfield code="i">02-21976</subfield>
      <subfield code="g">22</subfield>
      <subfield code="o">V94(82) H232h</subfield>
      <subfield code="e">SIUNPA</subfield>
      <subfield code="8">MM</subfield>
    </datafield>
    <datafield tag="952" ind1=" " ind2=" ">
      <subfield code="a">BIB_RECT</subfield>
      <subfield code="b">BIB_UACO</subfield>
      <subfield code="d">2005-08-31</subfield>
      <subfield code="y">VD</subfield>
      <subfield code="p">02-21977</subfield>
      <subfield code="i">02-21977</subfield>
      <subfield code="g">22</subfield>
      <subfield code="o">V94(82) H232h</subfield>
      <subfield code="e">SIUNPA</subfield>
      <subfield code="8">MM</subfield>
    </datafield>
    <datafield tag="952" ind1=" " ind2=" ">
      <subfield code="a">BIB_RECT</subfield>
      <subfield code="b">BIB_UACO</subfield>
      <subfield code="d">2005-08-31</subfield>
      <subfield code="y">VD</subfield>
      <subfield code="p">02-21978</subfield>
      <subfield code="i">02-21978</subfield>
      <subfield code="g">22</subfield>
      <subfield code="o">V94(82) H232h</subfield>
      <subfield code="e">SIUNPA</subfield>
      <subfield code="8">MM</subfield>
    </datafield>
    <datafield tag="952" ind1=" " ind2=" ">
      <subfield code="a">BIB_RECT</subfield>
      <subfield code="b">BIB_UACO</subfield>
      <subfield code="d">2005-08-31</subfield>
      <subfield code="y">VD</subfield>
      <subfield code="p">02-21979</subfield>
      <subfield code="i">02-21979</subfield>
      <subfield code="g">22</subfield>
      <subfield code="o">V94(82) H232h</subfield>
      <subfield code="e">SIUNPA</subfield>
      <subfield code="8">MM</subfield>
    </datafield>
    <datafield tag="952" ind1=" " ind2=" ">
      <subfield code="a">BIB_RECT</subfield>
      <subfield code="b">BIB_UACO</subfield>
      <subfield code="d">2005-08-31</subfield>
      <subfield code="y">VD</subfield>
      <subfield code="p">02-21980</subfield>
      <subfield code="i">02-21980</subfield>
      <subfield code="g">22</subfield>
      <subfield code="o">V94(82) H232h</subfield>
      <subfield code="e">SIUNPA</subfield>
      <subfield code="8">MM</subfield>
    </datafield>
    <datafield tag="952" ind1=" " ind2=" ">
      <subfield code="a">BIB_RECT</subfield>
      <subfield code="b">BIB_UACO</subfield>
      <subfield code="d">2005-08-31</subfield>
      <subfield code="y">VD</subfield>
      <subfield code="p">02-21981</subfield>
      <subfield code="i">02-21981</subfield>
      <subfield code="g">22</subfield>
      <subfield code="o">V94(82) H232h</subfield>
      <subfield code="e">SIUNPA</subfield>
      <subfield code="8">MM</subfield>
    </datafield>
    <datafield tag="952" ind1=" " ind2=" ">
      <subfield code="a">BIB_RECT</subfield>
      <subfield code="b">BIB_UACO</subfield>
      <subfield code="d">2005-08-31</subfield>
      <subfield code="y">VD</subfield>
      <subfield code="p">02-21982</subfield>
      <subfield code="i">02-21982</subfield>
      <subfield code="g">22</subfield>
      <subfield code="o">V94(82) H232h</subfield>
      <subfield code="e">SIUNPA</subfield>
      <subfield code="8">MM</subfield>
    </datafield>
    <datafield tag="952" ind1=" " ind2=" ">
      <subfield code="a">BIB_RECT</subfield>
      <subfield code="b">BIB_UACO</subfield>
      <subfield code="d">2005-08-31</subfield>
      <subfield code="y">VD</subfield>
      <subfield code="p">02-21983</subfield>
      <subfield code="i">02-21983</subfield>
      <subfield code="g">22</subfield>
      <subfield code="o">V94(82) H232h</subfield>
      <subfield code="e">SIUNPA</subfield>
      <subfield code="8">MM</subfield>
    </datafield>
    <datafield tag="952" ind1=" " ind2=" ">
      <subfield code="a">BIB_RECT</subfield>
      <subfield code="b">BIB_UACO</subfield>
      <subfield code="d">2005-08-31</subfield>
      <subfield code="y">VD</subfield>
      <subfield code="p">02-21984</subfield>
      <subfield code="i">02-21984</subfield>
      <subfield code="g">22</subfield>
      <subfield code="o">V94(82) H232h</subfield>
      <subfield code="e">SIUNPA</subfield>
      <subfield code="8">MM</subfield>
    </datafield>
    <datafield tag="952" ind1=" " ind2=" ">
      <subfield code="a">BIB_RECT</subfield>
      <subfield code="b">BIB_UART</subfield>
      <subfield code="d">2006-11-20</subfield>
      <subfield code="y">VD</subfield>
      <subfield code="p">03-01614</subfield>
      <subfield code="i">03-01614</subfield>
      <subfield code="g">0</subfield>
      <subfield code="o">V94(82) H232h</subfield>
      <subfield code="e"/>
      <subfield code="8">MM</subfield>
    </datafield>
    <datafield tag="952" ind1=" " ind2=" ">
      <subfield code="a">BIB_RECT</subfield>
      <subfield code="b">BIB_UART</subfield>
      <subfield code="d">2006-11-10</subfield>
      <subfield code="y">VD</subfield>
      <subfield code="p">03-01967</subfield>
      <subfield code="i">03-01967</subfield>
      <subfield code="g"/>
      <subfield code="o">V94(82) H232h</subfield>
      <subfield code="e"/>
      <subfield code="8">MM</subfield>
    </datafield>
    <datafield tag="952" ind1=" " ind2=" ">
      <subfield code="a">BIB_RECT</subfield>
      <subfield code="b">BIB_UART</subfield>
      <subfield code="d">2006-11-10</subfield>
      <subfield code="y">VD</subfield>
      <subfield code="p">03-01968</subfield>
      <subfield code="i">03-01968</subfield>
      <subfield code="g"/>
      <subfield code="o">V94(82) H232h</subfield>
      <subfield code="e"/>
      <subfield code="8">MM</subfield>
    </datafield>
    <datafield tag="952" ind1=" " ind2=" ">
      <subfield code="a">BIB_RECT</subfield>
      <subfield code="b">BIB_UART</subfield>
      <subfield code="d">2006-11-10</subfield>
      <subfield code="y">VD</subfield>
      <subfield code="p">03-01969</subfield>
      <subfield code="i">03-01969</subfield>
      <subfield code="g"/>
      <subfield code="o">V94(82) H232h</subfield>
      <subfield code="e"/>
      <subfield code="8">MM</subfield>
    </datafield>
    <datafield tag="952" ind1=" " ind2=" ">
      <subfield code="a">BIB_RECT</subfield>
      <subfield code="b">BIB_UART</subfield>
      <subfield code="d">2006-11-10</subfield>
      <subfield code="y">VD</subfield>
      <subfield code="p">03-01970</subfield>
      <subfield code="i">03-01970</subfield>
      <subfield code="g"/>
      <subfield code="o">V94(82) H232h</subfield>
      <subfield code="e"/>
      <subfield code="8">MM</subfield>
    </datafield>
    <datafield tag="952" ind1=" " ind2=" ">
      <subfield code="a">BIB_RECT</subfield>
      <subfield code="b">BIB_UART</subfield>
      <subfield code="d">2006-11-10</subfield>
      <subfield code="y">VD</subfield>
      <subfield code="p">03-01971</subfield>
      <subfield code="i">03-01971</subfield>
      <subfield code="g"/>
      <subfield code="o">V94(82) H232h</subfield>
      <subfield code="e"/>
      <subfield code="8">MM</subfield>
    </datafield>
    <datafield tag="952" ind1=" " ind2=" ">
      <subfield code="a">BIB_RECT</subfield>
      <subfield code="b">BIB_UART</subfield>
      <subfield code="d">2006-11-10</subfield>
      <subfield code="y">VD</subfield>
      <subfield code="p">03-01972</subfield>
      <subfield code="i">03-01972</subfield>
      <subfield code="g"/>
      <subfield code="o">V94(82) H232h</subfield>
      <subfield code="e"/>
      <subfield code="8">MM</subfield>
    </datafield>
    <datafield tag="952" ind1=" " ind2=" ">
      <subfield code="a">BIB_RECT</subfield>
      <subfield code="b">BIB_UART</subfield>
      <subfield code="d">2006-11-10</subfield>
      <subfield code="y">VD</subfield>
      <subfield code="p">03-01973</subfield>
      <subfield code="i">03-01973</subfield>
      <subfield code="g"/>
      <subfield code="o">V94(82) H232h</subfield>
      <subfield code="e"/>
      <subfield code="8">MM</subfield>
    </datafield>
    <datafield tag="952" ind1=" " ind2=" ">
      <subfield code="a">BIB_RECT</subfield>
      <subfield code="b">BIB_UART</subfield>
      <subfield code="d">2006-11-10</subfield>
      <subfield code="y">VD</subfield>
      <subfield code="p">03-01974</subfield>
      <subfield code="i">03-01974</subfield>
      <subfield code="g"/>
      <subfield code="o">V94(82) H232h</subfield>
      <subfield code="e"/>
      <subfield code="8">MM</subfield>
    </datafield>
    <datafield tag="952" ind1=" " ind2=" ">
      <subfield code="a">BIB_RECT</subfield>
      <subfield code="b">BIB_UART</subfield>
      <subfield code="d">2006-11-10</subfield>
      <subfield code="y">VD</subfield>
      <subfield code="p">03-01975</subfield>
      <subfield code="i">03-01975</subfield>
      <subfield code="g"/>
      <subfield code="o">V94(82) H232h</subfield>
      <subfield code="e"/>
      <subfield code="8">MM</subfield>
    </datafield>
    <datafield tag="952" ind1=" " ind2=" ">
      <subfield code="a">BIB_RECT</subfield>
      <subfield code="b">BIB_UART</subfield>
      <subfield code="d">2006-11-10</subfield>
      <subfield code="y">VD</subfield>
      <subfield code="p">03-01976</subfield>
      <subfield code="i">03-01976</subfield>
      <subfield code="g"/>
      <subfield code="o">V94(82) H232h</subfield>
      <subfield code="e"/>
      <subfield code="8">MM</subfield>
    </datafield>
    <datafield tag="952" ind1=" " ind2=" ">
      <subfield code="a">BIB_RECT</subfield>
      <subfield code="b">BIB_UASJ</subfield>
      <subfield code="d">2005-08-31</subfield>
      <subfield code="y">VD</subfield>
      <subfield code="p">04-24607</subfield>
      <subfield code="i">04-24607</subfield>
      <subfield code="g">272</subfield>
      <subfield code="o">V94(82) H232h</subfield>
      <subfield code="e">SIUNPA</subfield>
      <subfield code="8">MM</subfield>
    </datafield>
    <datafield tag="952" ind1=" " ind2=" ">
      <subfield code="a">BIB_RECT</subfield>
      <subfield code="b">BIB_UASJ</subfield>
      <subfield code="d">2005-08-31</subfield>
      <subfield code="y">VD</subfield>
      <subfield code="p">04-24608</subfield>
      <subfield code="i">04-24608</subfield>
      <subfield code="g">272</subfield>
      <subfield code="o">V94(82) H232h</subfield>
      <subfield code="e">SIUNPA</subfield>
      <subfield code="8">MM</subfield>
    </datafield>
    <datafield tag="952" ind1=" " ind2=" ">
      <subfield code="a">BIB_RECT</subfield>
      <subfield code="b">BIB_UASJ</subfield>
      <subfield code="d">2005-08-31</subfield>
      <subfield code="y">VD</subfield>
      <subfield code="p">04-24609</subfield>
      <subfield code="i">04-24609</subfield>
      <subfield code="g">272</subfield>
      <subfield code="o">V94(82) H232h</subfield>
      <subfield code="e">SIUNPA</subfield>
      <subfield code="8">MM</subfield>
    </datafield>
    <datafield tag="952" ind1=" " ind2=" ">
      <subfield code="a">BIB_RECT</subfield>
      <subfield code="b">BIB_UASJ</subfield>
      <subfield code="d">2005-08-31</subfield>
      <subfield code="y">VD</subfield>
      <subfield code="p">04-24610</subfield>
      <subfield code="i">04-24610</subfield>
      <subfield code="g">272</subfield>
      <subfield code="o">V94(82) H232h</subfield>
      <subfield code="e">SIUNPA</subfield>
      <subfield code="8">MM</subfield>
    </datafield>
    <datafield tag="952" ind1=" " ind2=" ">
      <subfield code="a">BIB_RECT</subfield>
      <subfield code="b">BIB_UASJ</subfield>
      <subfield code="d">2005-08-31</subfield>
      <subfield code="y">VD</subfield>
      <subfield code="p">04-24611</subfield>
      <subfield code="i">04-24611</subfield>
      <subfield code="g">272</subfield>
      <subfield code="o">V94(82) H232h</subfield>
      <subfield code="e">SIUNPA</subfield>
      <subfield code="8">MM</subfield>
    </datafield>
    <datafield tag="952" ind1=" " ind2=" ">
      <subfield code="a">BIB_RECT</subfield>
      <subfield code="b">BIB_UASJ</subfield>
      <subfield code="d">2005-08-31</subfield>
      <subfield code="y">VD</subfield>
      <subfield code="p">04-24612</subfield>
      <subfield code="i">04-24612</subfield>
      <subfield code="g">272</subfield>
      <subfield code="o">V94(82) H232h</subfield>
      <subfield code="e">SIUNPA</subfield>
      <subfield code="8">MM</subfield>
    </datafield>
    <datafield tag="952" ind1=" " ind2=" ">
      <subfield code="a">BIB_RECT</subfield>
      <subfield code="b">BIB_UASJ</subfield>
      <subfield code="d">2005-08-31</subfield>
      <subfield code="y">VD</subfield>
      <subfield code="p">04-24613</subfield>
      <subfield code="i">04-24613</subfield>
      <subfield code="g">272</subfield>
      <subfield code="o">V94(82) H232h</subfield>
      <subfield code="e">SIUNPA</subfield>
      <subfield code="8">MM</subfield>
    </datafield>
    <datafield tag="952" ind1=" " ind2=" ">
      <subfield code="a">BIB_RECT</subfield>
      <subfield code="b">BIB_UASJ</subfield>
      <subfield code="d">2005-08-31</subfield>
      <subfield code="y">VD</subfield>
      <subfield code="p">04-24614</subfield>
      <subfield code="i">04-24614</subfield>
      <subfield code="g">272</subfield>
      <subfield code="o">V94(82) H232h</subfield>
      <subfield code="e">SIUNPA</subfield>
      <subfield code="8">MM</subfield>
    </datafield>
    <datafield tag="952" ind1=" " ind2=" ">
      <subfield code="a">BIB_RECT</subfield>
      <subfield code="b">BIB_UASJ</subfield>
      <subfield code="d">2005-08-31</subfield>
      <subfield code="y">VD</subfield>
      <subfield code="p">04-24615</subfield>
      <subfield code="i">04-24615</subfield>
      <subfield code="g">272</subfield>
      <subfield code="o">V94(82) H232h</subfield>
      <subfield code="e">SIUNPA</subfield>
      <subfield code="8">MM</subfield>
    </datafield>
    <datafield tag="952" ind1=" " ind2=" ">
      <subfield code="a">BIB_RECT</subfield>
      <subfield code="b">BIB_UASJ</subfield>
      <subfield code="d">2005-08-31</subfield>
      <subfield code="y">VD</subfield>
      <subfield code="p">04-24616</subfield>
      <subfield code="i">04-24616</subfield>
      <subfield code="g">272</subfield>
      <subfield code="o">V94(82) H232h</subfield>
      <subfield code="e">SIUNPA</subfield>
      <subfield code="8">MM</subfield>
    </datafield>
    <datafield tag="952" ind1=" " ind2=" ">
      <subfield code="a">BIB_RECT</subfield>
      <subfield code="b">BIB_UASJ</subfield>
      <subfield code="d">2005-08-31</subfield>
      <subfield code="y">VD</subfield>
      <subfield code="p">04-24617</subfield>
      <subfield code="i">04-24617</subfield>
      <subfield code="g">272</subfield>
      <subfield code="o">V94(82) H232h</subfield>
      <subfield code="e">SIUNPA</subfield>
      <subfield code="8">MM</subfield>
    </datafield>
    <datafield tag="952" ind1=" " ind2=" ">
      <subfield code="a">BIB_RECT</subfield>
      <subfield code="b">BIB_UASJ</subfield>
      <subfield code="d">2005-08-31</subfield>
      <subfield code="y">VD</subfield>
      <subfield code="p">04-24618</subfield>
      <subfield code="i">04-24618</subfield>
      <subfield code="g">272</subfield>
      <subfield code="o">V94(82) H232h</subfield>
      <subfield code="e">SIUNPA</subfield>
      <subfield code="8">MM</subfield>
    </datafield>
    <datafield tag="952" ind1=" " ind2=" ">
      <subfield code="a">BIB_RECT</subfield>
      <subfield code="b">SAT_PBNA</subfield>
      <subfield code="d">2005-08-31</subfield>
      <subfield code="y">VD</subfield>
      <subfield code="p">11-22715</subfield>
      <subfield code="i">11-22715</subfield>
      <subfield code="g">24.6</subfield>
      <subfield code="o">V94(82) H232h</subfield>
      <subfield code="e">SIUNPA</subfield>
      <subfield code="8">MM</subfield>
    </datafield>
    <datafield tag="952" ind1=" " ind2=" ">
      <subfield code="a">BIB_RECT</subfield>
      <subfield code="b">SAT_PBNA</subfield>
      <subfield code="d">2005-08-31</subfield>
      <subfield code="y">VD</subfield>
      <subfield code="p">11-22716</subfield>
      <subfield code="i">11-22716</subfield>
      <subfield code="g">24.6</subfield>
      <subfield code="o">V94(82) H232h</subfield>
      <subfield code="e">SIUNPA</subfield>
      <subfield code="8">MM</subfield>
    </datafield>
    <datafield tag="952" ind1=" " ind2=" ">
      <subfield code="a">BIB_RECT</subfield>
      <subfield code="b">SAT_PBNA</subfield>
      <subfield code="d">2005-08-31</subfield>
      <subfield code="y">VD</subfield>
      <subfield code="p">11-22717</subfield>
      <subfield code="i">11-22717</subfield>
      <subfield code="g">24.6</subfield>
      <subfield code="o">V94(82) H232h</subfield>
      <subfield code="e">SIUNPA</subfield>
      <subfield code="8">MM</subfield>
    </datafield>
    <datafield tag="952" ind1=" " ind2=" ">
      <subfield code="a">BIB_RECT</subfield>
      <subfield code="b">SAT_PBNA</subfield>
      <subfield code="d">2005-08-31</subfield>
      <subfield code="y">VD</subfield>
      <subfield code="p">11-22718</subfield>
      <subfield code="i">11-22718</subfield>
      <subfield code="g">24.6</subfield>
      <subfield code="o">V94(82) H232h</subfield>
      <subfield code="e">SIUNPA</subfield>
      <subfield code="8">MM</subfield>
    </datafield>
    <datafield tag="952" ind1=" " ind2=" ">
      <subfield code="a">BIB_RECT</subfield>
      <subfield code="b">SAT_PBNA</subfield>
      <subfield code="d">2005-08-31</subfield>
      <subfield code="y">VD</subfield>
      <subfield code="p">11-22719</subfield>
      <subfield code="i">11-22719</subfield>
      <subfield code="g">24.6</subfield>
      <subfield code="o">V94(82) H232h</subfield>
      <subfield code="e">SIUNPA</subfield>
      <subfield code="8">MM</subfield>
    </datafield>
    <datafield tag="952" ind1=" " ind2=" ">
      <subfield code="a">BIB_RECT</subfield>
      <subfield code="b">SAT_PBNA</subfield>
      <subfield code="d">2005-08-31</subfield>
      <subfield code="y">VD</subfield>
      <subfield code="p">11-22720</subfield>
      <subfield code="i">11-22720</subfield>
      <subfield code="g">24.6</subfield>
      <subfield code="o">V94(82) H232h</subfield>
      <subfield code="e">SIUNPA</subfield>
      <subfield code="8">MM</subfield>
    </datafield>
    <datafield tag="952" ind1=" " ind2=" ">
      <subfield code="a">BIB_RECT</subfield>
      <subfield code="b">SAT_PBNA</subfield>
      <subfield code="d">2005-08-31</subfield>
      <subfield code="y">VD</subfield>
      <subfield code="p">11-22721</subfield>
      <subfield code="i">11-22721</subfield>
      <subfield code="g">24.6</subfield>
      <subfield code="o">V94(82) H232h</subfield>
      <subfield code="e">SIUNPA</subfield>
      <subfield code="8">MM</subfield>
    </datafield>
    <datafield tag="952" ind1=" " ind2=" ">
      <subfield code="a">BIB_RECT</subfield>
      <subfield code="b">SAT_PBNA</subfield>
      <subfield code="d">2005-08-31</subfield>
      <subfield code="y">VD</subfield>
      <subfield code="p">11-22722</subfield>
      <subfield code="i">11-22722</subfield>
      <subfield code="g">24.6</subfield>
      <subfield code="o">V94(82) H232h</subfield>
      <subfield code="e">SIUNPA</subfield>
      <subfield code="8">MM</subfield>
    </datafield>
    <datafield tag="952" ind1=" " ind2=" ">
      <subfield code="a">BIB_RECT</subfield>
      <subfield code="b">SAT_PBNA</subfield>
      <subfield code="d">2005-08-31</subfield>
      <subfield code="y">VD</subfield>
      <subfield code="p">11-22723</subfield>
      <subfield code="i">11-22723</subfield>
      <subfield code="g">24.6</subfield>
      <subfield code="o">V94(82) H232h</subfield>
      <subfield code="e">SIUNPA</subfield>
      <subfield code="8">MM</subfield>
    </datafield>
    <datafield tag="952" ind1=" " ind2=" ">
      <subfield code="a">BIB_RECT</subfield>
      <subfield code="b">SAT_PBNA</subfield>
      <subfield code="d">2005-08-31</subfield>
      <subfield code="y">VD</subfield>
      <subfield code="p">11-22724</subfield>
      <subfield code="i">11-22724</subfield>
      <subfield code="g">24.6</subfield>
      <subfield code="o">V94(82) H232h</subfield>
      <subfield code="e">SIUNPA</subfield>
      <subfield code="8">MM</subfield>
    </datafield>
    <datafield tag="952" ind1=" " ind2=" ">
      <subfield code="a">BIB_RECT</subfield>
      <subfield code="b">SAT_PBNA</subfield>
      <subfield code="d">2005-08-31</subfield>
      <subfield code="y">VD</subfield>
      <subfield code="p">11-22725</subfield>
      <subfield code="i">11-22725</subfield>
      <subfield code="g">24.6</subfield>
      <subfield code="o">V94(82) H232h</subfield>
      <subfield code="e">SIUNPA</subfield>
      <subfield code="8">MM</subfield>
    </datafield>
    <datafield tag="952" ind1=" " ind2=" ">
      <subfield code="a">BIB_RECT</subfield>
      <subfield code="b">SAT_PBNA</subfield>
      <subfield code="d">2005-08-31</subfield>
      <subfield code="y">VD</subfield>
      <subfield code="p">11-22726</subfield>
      <subfield code="i">11-22726</subfield>
      <subfield code="g">24.6</subfield>
      <subfield code="o">V94(82) H232h</subfield>
      <subfield code="e">SIUNPA</subfield>
      <subfield code="8">MM</subfield>
    </datafield>
  </record>