
  <record>
    <leader>01000aam  22002601a 4500</leader>
    <controlfield tag="001">YPZ5720</controlfield>
    <controlfield tag="003">YPZ</controlfield>
    <controlfield tag="005">200603011155280</controlfield>
    <controlfield tag="008">060301|###########||||||b||||||||||spa|d</controlfield>
    <datafield tag="040" ind1=" " ind2=" ">
      <subfield code="c">SIUNPA</subfield>
    </datafield>
    <datafield tag="041" ind1=" " ind2=" ">
      <subfield code="a">spa</subfield>
    </datafield>
    <datafield tag="044" ind1=" " ind2=" ">
      <subfield code="a">AR</subfield>
    </datafield>
    <datafield tag="080" ind1=" " ind2=" ">
      <subfield code="a">V94(82) H673h</subfield>
    </datafield>
    <datafield tag="245" ind1=" " ind2=" ">
      <subfield code="a">Historias de la Argentina</subfield>
      <subfield code="c"> / Vacca, Roberto, idea, realización y producción</subfield>
    </datafield>
    <datafield tag="260" ind1=" " ind2=" ">
      <subfield code="a">Buenos Aires</subfield>
      <subfield code="b"> : Televideas</subfield>
      <subfield code="c"> , 1997</subfield>
    </datafield>
    <datafield tag="440" ind1=" " ind2=" ">
      <subfield code="a">Marketing collection</subfield>
      <subfield code="a">Video saber aula. Biología, Anatomía</subfield>
      <subfield code="a">Video saber aula. Psicología, Comunicación</subfield>
      <subfield code="a">Video saber aula. Psicología, Comunicación</subfield>
      <subfield code="a">Marketing collection</subfield>
      <subfield code="a">Video saber aula. Psicología, Comunicación</subfield>
      <subfield code="a">Video saber aula. Artes plásticas y musicales</subfield>
      <subfield code="a">Historias de la Argentina</subfield>
      <subfield code="v">v. 15, 21, 71, 82, 87</subfield>
    </datafield>
    <datafield tag="490" ind1=" " ind2=" ">
      <subfield code="a">Marketing collection</subfield>
      <subfield code="a">Video saber aula. Biología, Anatomía</subfield>
      <subfield code="a">Video saber aula. Psicología, Comunicación</subfield>
      <subfield code="a">Video saber aula. Psicología, Comunicación</subfield>
      <subfield code="a">Marketing collection</subfield>
      <subfield code="a">Video saber aula. Psicología, Comunicación</subfield>
      <subfield code="a">Video saber aula. Artes plásticas y musicales</subfield>
      <subfield code="a">Historias de la Argentina</subfield>
      <subfield code="v">v. 15, 21, 71, 82, 87</subfield>
    </datafield>
    <datafield tag="500" ind1=" " ind2=" ">
      <subfield code="a">La biblioteca posee v.15, 21, 82, 87</subfield>
    </datafield>
    <datafield tag="505" ind1=" " ind2=" ">
      <subfield code="a">Video Nº 15: Querida Patagonia (Chubut-Santa Cruz) - El alemán del agua (Jujuy) - Vida y mármol (Córdoba) - La cosecha perdida (La Pampa) -- Video Nº 21: Los parientes del frío y la soledad. Partes I y II (Tierra del Fuego y Santa Cruz) - La arena que el tiempo nos legó (La Pampa) - El faro de Villa Gesell (Bs. As.) - La campana volvió a latir (Tucumán) -- Video Nº 71: El proceso de la leche - La buena leche I y II (Buenos Aires) -- Video Nº 82: La comparsa de la esquila, Sta. Cruz - Los ciclistas veteranos - Buenos Aires. Con toda la voz del alma, Capital Federal - El expreso del cielo, Salta - Leche de vida, Tucumán -- Video Nº 87: Los hombres de la yerba (5 bloques), Misiones</subfield>
    </datafield>
    <datafield tag="650" ind1=" " ind2=" ">
      <subfield code="a"> HISTORIA ARGENTINA</subfield>
    </datafield>
    <datafield tag="650" ind1=" " ind2=" ">
      <subfield code="a"> SOCIOLOGIA DE LA CULTURA</subfield>
    </datafield>
    <datafield tag="650" ind1=" " ind2=" ">
      <subfield code="a"> ARGENTINA</subfield>
    </datafield>
    <datafield tag="942" ind1=" " ind2=" ">
      <subfield code="c">VD</subfield>
    </datafield>
    <datafield tag="952" ind1=" " ind2=" ">
      <subfield code="a">BIB_RECT</subfield>
      <subfield code="b">BIB_UACO</subfield>
      <subfield code="d">2005-12-12</subfield>
      <subfield code="y">VD</subfield>
      <subfield code="p">02-29565</subfield>
      <subfield code="i">02-29565</subfield>
      <subfield code="g">29.9</subfield>
      <subfield code="o">V94(82) H673h</subfield>
      <subfield code="e">SIUNPA</subfield>
      <subfield code="8">MM</subfield>
    </datafield>
    <datafield tag="952" ind1=" " ind2=" ">
      <subfield code="a">BIB_RECT</subfield>
      <subfield code="b">BIB_UACO</subfield>
      <subfield code="d">2005-12-12</subfield>
      <subfield code="y">VD</subfield>
      <subfield code="p">02-29597</subfield>
      <subfield code="i">02-29597</subfield>
      <subfield code="g">29.9</subfield>
      <subfield code="o">V94(82) H673h</subfield>
      <subfield code="e">SIUNPA</subfield>
      <subfield code="8">MM</subfield>
    </datafield>
    <datafield tag="952" ind1=" " ind2=" ">
      <subfield code="a">BIB_RECT</subfield>
      <subfield code="b">BIB_UACO</subfield>
      <subfield code="d">2005-12-12</subfield>
      <subfield code="y">VD</subfield>
      <subfield code="p">02-29606</subfield>
      <subfield code="i">02-29606</subfield>
      <subfield code="g">29.9</subfield>
      <subfield code="o">V94(82) H673h</subfield>
      <subfield code="e">SIUNPA</subfield>
      <subfield code="8">MM</subfield>
    </datafield>
    <datafield tag="952" ind1=" " ind2=" ">
      <subfield code="a">BIB_RECT</subfield>
      <subfield code="b">BIB_UACO</subfield>
      <subfield code="d">2005-12-12</subfield>
      <subfield code="y">VD</subfield>
      <subfield code="p">02-29614</subfield>
      <subfield code="i">02-29614</subfield>
      <subfield code="g">29.9</subfield>
      <subfield code="o">V94(82) H673h</subfield>
      <subfield code="e">SIUNPA</subfield>
      <subfield code="8">MM</subfield>
    </datafield>
    <datafield tag="952" ind1=" " ind2=" ">
      <subfield code="a">BIB_RECT</subfield>
      <subfield code="b">BIB_UACO</subfield>
      <subfield code="d">2007-09-27</subfield>
      <subfield code="y">VD</subfield>
      <subfield code="p">02-33492</subfield>
      <subfield code="i">02-33492</subfield>
      <subfield code="g">29.9</subfield>
      <subfield code="o">V94(82) H673h</subfield>
      <subfield code="e">Compra UACO</subfield>
      <subfield code="8">MM</subfield>
    </datafield>
  </record>