
  <record>
    <leader>01000aam  22002601a 4500</leader>
    <controlfield tag="001">YPZ5734</controlfield>
    <controlfield tag="003">YPZ</controlfield>
    <controlfield tag="005">200603081005450</controlfield>
    <controlfield tag="008">060308|###########||||||b||||||||||spa|d</controlfield>
    <datafield tag="040" ind1=" " ind2=" ">
      <subfield code="c">SIUNPA</subfield>
    </datafield>
    <datafield tag="041" ind1=" " ind2=" ">
      <subfield code="a">spa</subfield>
    </datafield>
    <datafield tag="044" ind1=" " ind2=" ">
      <subfield code="a">AR</subfield>
    </datafield>
    <datafield tag="080" ind1=" " ind2=" ">
      <subfield code="a">V551.336 G541g</subfield>
    </datafield>
    <datafield tag="245" ind1=" " ind2=" ">
      <subfield code="a">Los glaciares</subfield>
      <subfield code="b"> : sus efectos</subfield>
    </datafield>
    <datafield tag="260" ind1=" " ind2=" ">
      <subfield code="a">Buenos Aires</subfield>
      <subfield code="b"> : Video Saber</subfield>
      <subfield code="c"> , 1995</subfield>
    </datafield>
    <datafield tag="440" ind1=" " ind2=" ">
      <subfield code="a">Video saber aula. Artes plásticas y musicales</subfield>
      <subfield code="a">Video saber aula. Ecología, Medio ambiente</subfield>
      <subfield code="a">Video saber aula. Ecología, Medio ambiente</subfield>
      <subfield code="a">Video saber aula. Ecología, Medio ambiente|El planeta milagroso</subfield>
      <subfield code="v">v. 8</subfield>
    </datafield>
    <datafield tag="490" ind1=" " ind2=" ">
      <subfield code="a">Video saber aula. Artes plásticas y musicales</subfield>
      <subfield code="a">Video saber aula. Ecología, Medio ambiente</subfield>
      <subfield code="a">Video saber aula. Ecología, Medio ambiente</subfield>
      <subfield code="a">Video saber aula. Ecología, Medio ambiente|El planeta milagroso</subfield>
      <subfield code="v">v. 8</subfield>
    </datafield>
    <datafield tag="650" ind1=" " ind2=" ">
      <subfield code="a"> GLACIARES</subfield>
    </datafield>
    <datafield tag="942" ind1=" " ind2=" ">
      <subfield code="c">VD</subfield>
    </datafield>
    <datafield tag="952" ind1=" " ind2=" ">
      <subfield code="a">BIB_RECT</subfield>
      <subfield code="b">BIB_UACO</subfield>
      <subfield code="d">2005-12-12</subfield>
      <subfield code="y">VD</subfield>
      <subfield code="p">02-29604</subfield>
      <subfield code="i">02-29604</subfield>
      <subfield code="g">24.9</subfield>
      <subfield code="o">V551.336 G541g</subfield>
      <subfield code="e">SIUNPA</subfield>
      <subfield code="8">MM</subfield>
    </datafield>
  </record>