
  <record>
    <leader>01000aam  22002601a 4500</leader>
    <controlfield tag="001">YPZ5807</controlfield>
    <controlfield tag="003">YPZ</controlfield>
    <controlfield tag="005">200603171153030</controlfield>
    <controlfield tag="008">060317|###########||||||b||||||||||spa|d</controlfield>
    <datafield tag="040" ind1=" " ind2=" ">
      <subfield code="c">SIUNPA</subfield>
    </datafield>
    <datafield tag="041" ind1=" " ind2=" ">
      <subfield code="a">spa</subfield>
    </datafield>
    <datafield tag="044" ind1=" " ind2=" ">
      <subfield code="a">AR</subfield>
    </datafield>
    <datafield tag="080" ind1=" " ind2=" ">
      <subfield code="a">V159.922.73 P974p</subfield>
    </datafield>
    <datafield tag="245" ind1=" " ind2=" ">
      <subfield code="a">Lenguaje</subfield>
    </datafield>
    <datafield tag="260" ind1=" " ind2=" ">
      <subfield code="a">Buenos Aires</subfield>
      <subfield code="b"> : Mandra</subfield>
      <subfield code="c"> , 2001</subfield>
    </datafield>
    <datafield tag="440" ind1=" " ind2=" ">
      <subfield code="a">Videoteca Educable</subfield>
      <subfield code="a">Videoteca Educable</subfield>
      <subfield code="a">Video saber aula. Artes plásticas y musicales</subfield>
      <subfield code="a">Video saber aula. Psicología, Comunicación</subfield>
      <subfield code="a">Video saber aula. Adicciones, enfermedades</subfield>
      <subfield code="a">Video saber aula. Adicciones, enfermedades</subfield>
      <subfield code="a">Video saber aula. Psicología, Comunicación</subfield>
      <subfield code="a">Colección Pro Natura</subfield>
      <subfield code="a">Colección Pro Natura</subfield>
      <subfield code="a">Colección Pro natura</subfield>
      <subfield code="a">Colección Pro Natura</subfield>
      <subfield code="a">Psicología</subfield>
      <subfield code="v">E480</subfield>
    </datafield>
    <datafield tag="490" ind1=" " ind2=" ">
      <subfield code="a">Videoteca Educable</subfield>
      <subfield code="a">Videoteca Educable</subfield>
      <subfield code="a">Video saber aula. Artes plásticas y musicales</subfield>
      <subfield code="a">Video saber aula. Psicología, Comunicación</subfield>
      <subfield code="a">Video saber aula. Adicciones, enfermedades</subfield>
      <subfield code="a">Video saber aula. Adicciones, enfermedades</subfield>
      <subfield code="a">Video saber aula. Psicología, Comunicación</subfield>
      <subfield code="a">Colección Pro Natura</subfield>
      <subfield code="a">Colección Pro Natura</subfield>
      <subfield code="a">Colección Pro natura</subfield>
      <subfield code="a">Colección Pro Natura</subfield>
      <subfield code="a">Psicología</subfield>
      <subfield code="v">E480</subfield>
    </datafield>
    <datafield tag="650" ind1=" " ind2=" ">
      <subfield code="a"> DESARROLLO DEL LENGUAJE</subfield>
    </datafield>
    <datafield tag="650" ind1=" " ind2=" ">
      <subfield code="a"> PSICOLINGÜISTICA</subfield>
    </datafield>
    <datafield tag="650" ind1=" " ind2=" ">
      <subfield code="a"> LENGUAJE</subfield>
    </datafield>
    <datafield tag="942" ind1=" " ind2=" ">
      <subfield code="c">VD</subfield>
    </datafield>
    <datafield tag="952" ind1=" " ind2=" ">
      <subfield code="a">BIB_RECT</subfield>
      <subfield code="b">BIB_UACO</subfield>
      <subfield code="d">2005-12-12</subfield>
      <subfield code="y">VD</subfield>
      <subfield code="p">02-29595</subfield>
      <subfield code="i">02-29595</subfield>
      <subfield code="g">24.9</subfield>
      <subfield code="o">V159.922.73 P974p</subfield>
      <subfield code="e">SIUNPA</subfield>
      <subfield code="8">MM</subfield>
    </datafield>
  </record>