
  <record>
    <leader>01000aam  22002601a 4500</leader>
    <controlfield tag="001">YPZ5815</controlfield>
    <controlfield tag="003">YPZ</controlfield>
    <controlfield tag="005">200603210940170</controlfield>
    <controlfield tag="008">060321|###########||||||b||||||||||spa|d</controlfield>
    <datafield tag="040" ind1=" " ind2=" ">
      <subfield code="c">SIUNPA</subfield>
    </datafield>
    <datafield tag="041" ind1=" " ind2=" ">
      <subfield code="a">spa</subfield>
    </datafield>
    <datafield tag="044" ind1=" " ind2=" ">
      <subfield code="a">AR</subfield>
    </datafield>
    <datafield tag="080" ind1=" " ind2=" ">
      <subfield code="a">V616.98 S568s</subfield>
    </datafield>
    <datafield tag="245" ind1=" " ind2=" ">
      <subfield code="a">Sida</subfield>
    </datafield>
    <datafield tag="260" ind1=" " ind2=" ">
      <subfield code="a">Buenos Aires</subfield>
      <subfield code="b"> : Edu Cable</subfield>
      <subfield code="c"> , [199-?]</subfield>
    </datafield>
    <datafield tag="650" ind1=" " ind2=" ">
      <subfield code="a"> SIDA</subfield>
    </datafield>
    <datafield tag="650" ind1=" " ind2=" ">
      <subfield code="a"> PREVENCION</subfield>
    </datafield>
    <datafield tag="650" ind1=" " ind2=" ">
      <subfield code="a"> EDUCACION PARA LA PREVENCION DEL SIDA</subfield>
    </datafield>
    <datafield tag="942" ind1=" " ind2=" ">
      <subfield code="c">VD</subfield>
    </datafield>
    <datafield tag="952" ind1=" " ind2=" ">
      <subfield code="a">BIB_RECT</subfield>
      <subfield code="b">BIB_UACO</subfield>
      <subfield code="d">2010-05-27</subfield>
      <subfield code="y">VD</subfield>
      <subfield code="p">02-06141</subfield>
      <subfield code="i">02-06141</subfield>
      <subfield code="g">44</subfield>
      <subfield code="o">V616.98 S568s</subfield>
      <subfield code="e">Desconocido</subfield>
      <subfield code="8">MM</subfield>
    </datafield>
    <datafield tag="952" ind1=" " ind2=" ">
      <subfield code="a">BIB_RECT</subfield>
      <subfield code="b">BIB_UACO</subfield>
      <subfield code="d">2005-12-12</subfield>
      <subfield code="y">VD</subfield>
      <subfield code="p">02-29582</subfield>
      <subfield code="i">02-29582</subfield>
      <subfield code="g">24.9</subfield>
      <subfield code="o">V616.98 S568s</subfield>
      <subfield code="e">SIUNPA</subfield>
      <subfield code="8">MM</subfield>
    </datafield>
  </record>