
  <record>
    <leader>01000aam  22002601a 4500</leader>
    <controlfield tag="001">YPZ5841</controlfield>
    <controlfield tag="003">YPZ</controlfield>
    <controlfield tag="005">200603231029100</controlfield>
    <controlfield tag="008">060323|###########||||||b||||||||||spa|d</controlfield>
    <datafield tag="040" ind1=" " ind2=" ">
      <subfield code="c">SIUNPA</subfield>
    </datafield>
    <datafield tag="041" ind1=" " ind2=" ">
      <subfield code="a">eng</subfield>
    </datafield>
    <datafield tag="080" ind1=" " ind2=" ">
      <subfield code="a">V791.43(73) S582s</subfield>
    </datafield>
    <datafield tag="245" ind1=" " ind2=" ">
      <subfield code="a">El silencio de los inocentes</subfield>
      <subfield code="c"> / Demme, Jonathan, dir.</subfield>
    </datafield>
    <datafield tag="246" ind1=" " ind2=" ">
      <subfield code="a">The silence of the lambs.</subfield>
    </datafield>
    <datafield tag="260" ind1=" " ind2=" ">
      <subfield code="a">La Rioja</subfield>
      <subfield code="b"> : LK-Tel</subfield>
      <subfield code="c"> , 1992</subfield>
    </datafield>
    <datafield tag="440" ind1=" " ind2=" ">
      <subfield code="a">Video saber aula. Adicciones, Enfermedades</subfield>
      <subfield code="a">Video saber aula. Adicciones, Enfermedades</subfield>
      <subfield code="a">Video saber aula. Adicciones, Enfermedades</subfield>
      <subfield code="a">Videoteca Educable</subfield>
      <subfield code="a">Video saber aula. Psicología, Comunicación</subfield>
      <subfield code="a">Marketing collection</subfield>
      <subfield code="a">Colección Pro Natura. Miniserie mamíferos marinos</subfield>
      <subfield code="a">Video saber aula. Historia y humanidades</subfield>
      <subfield code="a">Video saber aula. Historia y humanidades</subfield>
      <subfield code="a">Columbia Tristar Home Video</subfield>
      <subfield code="v">LK-R 157</subfield>
    </datafield>
    <datafield tag="490" ind1=" " ind2=" ">
      <subfield code="a">Video saber aula. Adicciones, Enfermedades</subfield>
      <subfield code="a">Video saber aula. Adicciones, Enfermedades</subfield>
      <subfield code="a">Video saber aula. Adicciones, Enfermedades</subfield>
      <subfield code="a">Videoteca Educable</subfield>
      <subfield code="a">Video saber aula. Psicología, Comunicación</subfield>
      <subfield code="a">Marketing collection</subfield>
      <subfield code="a">Colección Pro Natura. Miniserie mamíferos marinos</subfield>
      <subfield code="a">Video saber aula. Historia y humanidades</subfield>
      <subfield code="a">Video saber aula. Historia y humanidades</subfield>
      <subfield code="a">Columbia Tristar Home Video</subfield>
      <subfield code="v">LK-R 157</subfield>
    </datafield>
    <datafield tag="500" ind1=" " ind2=" ">
      <subfield code="a">Versión subtitulada</subfield>
    </datafield>
    <datafield tag="500" ind1=" " ind2=" ">
      <subfield code="a">Intérpretes: Jodie Foster, Anthony Hopkins, Scott Glen</subfield>
    </datafield>
    <datafield tag="500" ind1=" " ind2=" ">
      <subfield code="a">Kally, Ted, guión</subfield>
    </datafield>
    <datafield tag="500" ind1=" " ind2=" ">
      <subfield code="a">Basada en la novela de Thomas Harris</subfield>
    </datafield>
    <datafield tag="500" ind1=" " ind2=" ">
      <subfield code="a">Apta mayores de 16 años con reservas</subfield>
    </datafield>
    <datafield tag="650" ind1=" " ind2=" ">
      <subfield code="a"> CINE NORTEAMERICANO</subfield>
    </datafield>
    <datafield tag="650" ind1=" " ind2=" ">
      <subfield code="a"> DRAMA</subfield>
    </datafield>
    <datafield tag="942" ind1=" " ind2=" ">
      <subfield code="c">VD</subfield>
    </datafield>
    <datafield tag="952" ind1=" " ind2=" ">
      <subfield code="a">BIB_RECT</subfield>
      <subfield code="b">BIB_UACO</subfield>
      <subfield code="d">2005-12-12</subfield>
      <subfield code="y">VD</subfield>
      <subfield code="p">02-29577</subfield>
      <subfield code="i">02-29577</subfield>
      <subfield code="g">24.9</subfield>
      <subfield code="o">V791.43(73) S582s</subfield>
      <subfield code="e">SIUNPA</subfield>
      <subfield code="8">MM</subfield>
    </datafield>
  </record>