
  <record>
    <leader>01000aam  22002601a 4500</leader>
    <controlfield tag="001">YPZ5972</controlfield>
    <controlfield tag="003">YPZ</controlfield>
    <controlfield tag="005">200604201518540</controlfield>
    <controlfield tag="008">060420|###########||||||b||||||||||spa|d</controlfield>
    <datafield tag="040" ind1=" " ind2=" ">
      <subfield code="c">SIUNPA</subfield>
    </datafield>
    <datafield tag="041" ind1=" " ind2=" ">
      <subfield code="a">fre</subfield>
    </datafield>
    <datafield tag="044" ind1=" " ind2=" ">
      <subfield code="a">AR</subfield>
    </datafield>
    <datafield tag="080" ind1=" " ind2=" ">
      <subfield code="a">V791.43(71) I621i</subfield>
    </datafield>
    <datafield tag="245" ind1=" " ind2=" ">
      <subfield code="a">Las invasiones bárbaras</subfield>
      <subfield code="c"> / Arcand, Denys, dir. y guión ; Aviat, Pierre, mús.</subfield>
    </datafield>
    <datafield tag="246" ind1=" " ind2=" ">
      <subfield code="a">Les invasions barbares.</subfield>
    </datafield>
    <datafield tag="260" ind1=" " ind2=" ">
      <subfield code="a">San Luis</subfield>
      <subfield code="b"> : AVH</subfield>
      <subfield code="c"> , 2004</subfield>
    </datafield>
    <datafield tag="440" ind1=" " ind2=" ">
      <subfield code="a">Zurbarán televisión</subfield>
      <subfield code="a">AVH</subfield>
      <subfield code="v">AV2014B</subfield>
    </datafield>
    <datafield tag="490" ind1=" " ind2=" ">
      <subfield code="a">Zurbarán televisión</subfield>
      <subfield code="a">AVH</subfield>
      <subfield code="v">AV2014B</subfield>
    </datafield>
    <datafield tag="500" ind1=" " ind2=" ">
      <subfield code="a">Intérpretes: Rémy Girard, Stéphane Rousseau, Dorothée Berryman, Louise Portal, Dominique Michel, Yves Jacques, Pierre Curzi, Marie-Josee Croze, Marina Hands</subfield>
    </datafield>
    <datafield tag="650" ind1=" " ind2=" ">
      <subfield code="a"> CINE CANADIENSE</subfield>
    </datafield>
    <datafield tag="650" ind1=" " ind2=" ">
      <subfield code="a"> DRAMA</subfield>
    </datafield>
    <datafield tag="942" ind1=" " ind2=" ">
      <subfield code="c">VD</subfield>
    </datafield>
    <datafield tag="952" ind1=" " ind2=" ">
      <subfield code="a">BIB_RECT</subfield>
      <subfield code="b">BIB_UARG</subfield>
      <subfield code="d">2006-03-08</subfield>
      <subfield code="y">VD</subfield>
      <subfield code="p">05-29970</subfield>
      <subfield code="i">05-29970</subfield>
      <subfield code="g">29.9</subfield>
      <subfield code="o">V791.43(71) I621i</subfield>
      <subfield code="e">SIUNPA</subfield>
      <subfield code="8">MM</subfield>
    </datafield>
  </record>