
  <record>
    <leader>01000aam  22002601a 4500</leader>
    <controlfield tag="001">YPZ6010</controlfield>
    <controlfield tag="003">YPZ</controlfield>
    <controlfield tag="005">200604271500020</controlfield>
    <controlfield tag="008">060427|###########||||||b||||||||||spa|d</controlfield>
    <datafield tag="040" ind1=" " ind2=" ">
      <subfield code="c">SIUNPA</subfield>
    </datafield>
    <datafield tag="041" ind1=" " ind2=" ">
      <subfield code="a">spa</subfield>
    </datafield>
    <datafield tag="044" ind1=" " ind2=" ">
      <subfield code="a">AR</subfield>
    </datafield>
    <datafield tag="080" ind1=" " ind2=" ">
      <subfield code="a">V65.012.4 T255t</subfield>
    </datafield>
    <datafield tag="110" ind1=" " ind2=" ">
      <subfield code="a">UNPA. Unidad Académica San Julián.</subfield>
    </datafield>
    <datafield tag="245" ind1=" " ind2=" ">
      <subfield code="a">Técnico Universitario en Gestión de las Organizaciones</subfield>
      <subfield code="b"> : [Samsung]</subfield>
    </datafield>
    <datafield tag="260" ind1=" " ind2=" ">
      <subfield code="a">San Julián</subfield>
      <subfield code="b"> : Unidad Académica San Julián, UNPA</subfield>
      <subfield code="c"> , 2004</subfield>
    </datafield>
    <datafield tag="500" ind1=" " ind2=" ">
      <subfield code="a">Trata sobre cómo la empresa Samsung pretende estar a la vanguardia por medio de sus desarrollos tecnológicos</subfield>
    </datafield>
    <datafield tag="650" ind1=" " ind2=" ">
      <subfield code="a"> GESTION EMPRESARIAL</subfield>
    </datafield>
    <datafield tag="650" ind1=" " ind2=" ">
      <subfield code="a"> INNOVACION TECNOLOGICA</subfield>
    </datafield>
    <datafield tag="650" ind1=" " ind2=" ">
      <subfield code="a"> SAMSUNG</subfield>
    </datafield>
    <datafield tag="942" ind1=" " ind2=" ">
      <subfield code="c">VD</subfield>
    </datafield>
    <datafield tag="952" ind1=" " ind2=" ">
      <subfield code="a">BIB_RECT</subfield>
      <subfield code="b">BIB_UASJ</subfield>
      <subfield code="d">2006-03-01</subfield>
      <subfield code="y">VD</subfield>
      <subfield code="p">04-29389</subfield>
      <subfield code="i">04-29389</subfield>
      <subfield code="g">30</subfield>
      <subfield code="o">V65.012.4 T255t</subfield>
      <subfield code="e">UASJ</subfield>
      <subfield code="8">MM</subfield>
    </datafield>
  </record>