
  <record>
    <leader>01000aam  22002601a 4500</leader>
    <controlfield tag="001">YPZ6098</controlfield>
    <controlfield tag="003">YPZ</controlfield>
    <controlfield tag="005">200605191106350</controlfield>
    <controlfield tag="008">060519|###########||||||b||||||||||spa|d</controlfield>
    <datafield tag="040" ind1=" " ind2=" ">
      <subfield code="c">SIUNPA</subfield>
    </datafield>
    <datafield tag="041" ind1=" " ind2=" ">
      <subfield code="a">spa</subfield>
    </datafield>
    <datafield tag="044" ind1=" " ind2=" ">
      <subfield code="a">AR</subfield>
    </datafield>
    <datafield tag="080" ind1=" " ind2=" ">
      <subfield code="a">V342.1 J829n</subfield>
    </datafield>
    <datafield tag="110" ind1=" " ind2=" ">
      <subfield code="a">Jornadas Nación: Tiempo y Territorio (2003 : Caleta Olivia, Santa Cruz).</subfield>
    </datafield>
    <datafield tag="245" ind1=" " ind2=" ">
      <subfield code="a">Jornadas nación</subfield>
      <subfield code="b"> : tiempo y territorio</subfield>
    </datafield>
    <datafield tag="260" ind1=" " ind2=" ">
      <subfield code="a">Caleta Olivia</subfield>
      <subfield code="b"> : Unidad Académica Caleta Olivia, UNPA</subfield>
      <subfield code="c"> , 2003</subfield>
    </datafield>
    <datafield tag="650" ind1=" " ind2=" ">
      <subfield code="a"> NACION</subfield>
    </datafield>
    <datafield tag="650" ind1=" " ind2=" ">
      <subfield code="a"> ESTADO</subfield>
    </datafield>
    <datafield tag="650" ind1=" " ind2=" ">
      <subfield code="a"> PODER POLITICO</subfield>
    </datafield>
    <datafield tag="650" ind1=" " ind2=" ">
      <subfield code="a"> ARGENTINA</subfield>
    </datafield>
    <datafield tag="942" ind1=" " ind2=" ">
      <subfield code="c">VD</subfield>
    </datafield>
    <datafield tag="952" ind1=" " ind2=" ">
      <subfield code="a">BIB_RECT</subfield>
      <subfield code="b">BIB_UACO</subfield>
      <subfield code="d">2006-04-26</subfield>
      <subfield code="y">VD</subfield>
      <subfield code="p">02-30240</subfield>
      <subfield code="i">02-30240</subfield>
      <subfield code="g">20</subfield>
      <subfield code="o">V342.1 J829n</subfield>
      <subfield code="e">UACO</subfield>
      <subfield code="8">MM</subfield>
    </datafield>
    <datafield tag="952" ind1=" " ind2=" ">
      <subfield code="a">BIB_RECT</subfield>
      <subfield code="b">BIB_UACO</subfield>
      <subfield code="d">2006-04-26</subfield>
      <subfield code="y">VD</subfield>
      <subfield code="p">02-30241</subfield>
      <subfield code="i">02-30241</subfield>
      <subfield code="g">20</subfield>
      <subfield code="o">V342.1 J829n</subfield>
      <subfield code="e">UACO</subfield>
      <subfield code="8">MM</subfield>
    </datafield>
    <datafield tag="952" ind1=" " ind2=" ">
      <subfield code="a">BIB_RECT</subfield>
      <subfield code="b">BIB_UACO</subfield>
      <subfield code="d">2006-04-26</subfield>
      <subfield code="y">VD</subfield>
      <subfield code="p">02-30242</subfield>
      <subfield code="i">02-30242</subfield>
      <subfield code="g">20</subfield>
      <subfield code="o">V342.1 J829n</subfield>
      <subfield code="e">UACO</subfield>
      <subfield code="8">MM</subfield>
    </datafield>
    <datafield tag="952" ind1=" " ind2=" ">
      <subfield code="a">BIB_RECT</subfield>
      <subfield code="b">BIB_UACO</subfield>
      <subfield code="d">2006-04-26</subfield>
      <subfield code="y">VD</subfield>
      <subfield code="p">02-30243</subfield>
      <subfield code="i">02-30243</subfield>
      <subfield code="g">20</subfield>
      <subfield code="o">V342.1 J829n</subfield>
      <subfield code="e">UACO</subfield>
      <subfield code="8">MM</subfield>
    </datafield>
    <datafield tag="952" ind1=" " ind2=" ">
      <subfield code="a">BIB_RECT</subfield>
      <subfield code="b">BIB_UACO</subfield>
      <subfield code="d">2006-04-26</subfield>
      <subfield code="y">VD</subfield>
      <subfield code="p">02-30244</subfield>
      <subfield code="i">02-30244</subfield>
      <subfield code="g">20</subfield>
      <subfield code="o">V342.1 J829n</subfield>
      <subfield code="e">UACO</subfield>
      <subfield code="8">MM</subfield>
    </datafield>
  </record>