
  <record>
    <leader>01000aam  22002601a 4500</leader>
    <controlfield tag="001">YPZ14971</controlfield>
    <controlfield tag="003">YPZ</controlfield>
    <controlfield tag="005">200609201416010</controlfield>
    <controlfield tag="008">060920|###########||||||b||||||||||spa|d</controlfield>
    <datafield tag="040" ind1=" " ind2=" ">
      <subfield code="c">SIUNPA</subfield>
    </datafield>
    <datafield tag="044" ind1=" " ind2=" ">
      <subfield code="a">YU</subfield>
    </datafield>
    <datafield tag="080" ind1=" " ind2=" ">
      <subfield code="a">791.43(497) KUS</subfield>
    </datafield>
    <datafield tag="245" ind1=" " ind2=" ">
      <subfield code="a">Papá salió en viaje de negocios</subfield>
      <subfield code="c"> / dir.; Kusturica. Emir</subfield>
    </datafield>
    <datafield tag="260" ind1=" " ind2=" ">
      <subfield code="a">Yugoslavia</subfield>
      <subfield code="b"> : Forum Sarajevo</subfield>
      <subfield code="c"> , c1984</subfield>
    </datafield>
    <datafield tag="300" ind1=" " ind2=" ">
      <subfield code="a">1 videocasete (VHS) (48 min.) : </subfield>
      <subfield code="b">son., col. ; </subfield>
      <subfield code="a">1 videocasete (VHS) (ca.60 min.) : </subfield>
      <subfield code="b">son., col. ; </subfield>
      <subfield code="a">1 videocasete (VHS) (30 min.) : </subfield>
      <subfield code="b">son., col. ; </subfield>
      <subfield code="a">1 videocasete (VHS) (60 min.) : </subfield>
      <subfield code="b">son., col. ; </subfield>
      <subfield code="a">1 videocasete (VHS) (30 min.) : </subfield>
      <subfield code="b">son., col. ; </subfield>
      <subfield code="a">2 videocasetes (VHS) (30 min., 30 seg. cada uno) : </subfield>
      <subfield code="b">son., col. ; </subfield>
      <subfield code="a">1 videocasete (VHS) (60 min.) : </subfield>
      <subfield code="b">son., col. ; </subfield>
      <subfield code="a">1 videocasete (VHS) (60 min.) : </subfield>
      <subfield code="b">son., col. ; </subfield>
      <subfield code="a">videocasetes (VHS) (ca. 42 min. cada uno) : </subfield>
      <subfield code="a">1 videocasete (VHS) (60 min.) : </subfield>
      <subfield code="b">son., col. ; </subfield>
      <subfield code="a">1 videocasete (VHS) (30 min.) : </subfield>
      <subfield code="b">son., col. ; </subfield>
      <subfield code="a">1 videocasete (VHS) (50 min.) : </subfield>
      <subfield code="b">son., col. ; </subfield>
      <subfield code="a">1 videocasete (VHS) (54 min.) : </subfield>
      <subfield code="b">son., col. ; </subfield>
      <subfield code="a">1 videocasete (VHS) (56 min.) : </subfield>
      <subfield code="b">son., col. ; </subfield>
      <subfield code="a">1 videocasete (VHS) (54 min.) : </subfield>
      <subfield code="b">son., col. ; </subfield>
      <subfield code="a">1 videocasete (VHS) (54 min.) : </subfield>
      <subfield code="b">son., col. ; </subfield>
      <subfield code="a">1 videocasete (VHS) (50 min.) : </subfield>
      <subfield code="b">son., col. ; </subfield>
      <subfield code="a">1 videocasete (54 min.) : </subfield>
      <subfield code="b">son., col. ; </subfield>
      <subfield code="a">1 videocasete (54 min.) : </subfield>
      <subfield code="b">son., col. ; </subfield>
      <subfield code="a">1 videocasete (VHS) (54 min.) : </subfield>
      <subfield code="b">son., col. ; </subfield>
      <subfield code="a">1 videocasete (VHS) (54 min.) : </subfield>
      <subfield code="b">son., col. ; </subfield>
      <subfield code="a">1 videocasete (VHS) (50 min.) : </subfield>
      <subfield code="b">son., col. ; </subfield>
      <subfield code="a">1 videocasete (VHS) (54 min.) : </subfield>
      <subfield code="b">son., col. ; </subfield>
      <subfield code="a">1 videocasete (VHS) (ca. 30 min.) : </subfield>
      <subfield code="b">son., col. ; </subfield>
      <subfield code="a">1 videocasete (VHS) (ca. 30 min.) : </subfield>
      <subfield code="b">son., col. ; </subfield>
      <subfield code="a">1 videocasete (VHS) (60 min.) : </subfield>
      <subfield code="b">son., col. ; </subfield>
      <subfield code="a">1 videocasete (VHS) (30 min.) : </subfield>
      <subfield code="b">son., col. ; </subfield>
      <subfield code="a">1 videocasete (VHS) (30 min.) : </subfield>
      <subfield code="b">son., col. ; </subfield>
      <subfield code="a">1 videocasete (VHS) (30 min.) : </subfield>
      <subfield code="b">son., col. ; </subfield>
      <subfield code="a">1 videocasete (VHS) (30 min.) : </subfield>
      <subfield code="b">son., col. ; </subfield>
      <subfield code="a">1 videocasete (VHS) (47 min.) : </subfield>
      <subfield code="b">son., col. ; </subfield>
      <subfield code="a">1 videocasete (VHS) (45 min.) : </subfield>
      <subfield code="b">son., col. ; </subfield>
      <subfield code="a">1 videocasete (VHS) (47 min.) : </subfield>
      <subfield code="b">son., col. ; </subfield>
      <subfield code="a">1 videocasete (VHS) (52 min.) : </subfield>
      <subfield code="b">son., col. ; </subfield>
      <subfield code="a">1 videocasete (VHS) (30 min.) : </subfield>
      <subfield code="b">son., col. ; </subfield>
      <subfield code="a">1 videocasete (VHS) (55 min.) : </subfield>
      <subfield code="b">son., col. ; </subfield>
      <subfield code="a">1 videocasete (VHS) (52 min.) : </subfield>
      <subfield code="b">son., col. ; </subfield>
      <subfield code="a">1 videocasete (VHS) (60 min.) : </subfield>
      <subfield code="b">son., col. ; </subfield>
      <subfield code="a">2 videocasetes (VHS) (50 min. cada uno) : </subfield>
      <subfield code="b">son., col., ; </subfield>
      <subfield code="a">1 videocasete (VHS) (30 min.) : </subfield>
      <subfield code="b">son., col. ; </subfield>
      <subfield code="a">videocasetes (VHS) (60 min.) : </subfield>
      <subfield code="b">son., col. ; </subfield>
      <subfield code="a">1 videocasete (VHS) (ca. 60 min.) : </subfield>
      <subfield code="b">son., col. ; </subfield>
      <subfield code="a">1 videocasete (VHS) (35 min.) : </subfield>
      <subfield code="b">son., col. ; </subfield>
      <subfield code="a">1 videocasete (VHS) (ca. 30 min.) : </subfield>
      <subfield code="b">son., col. ; </subfield>
      <subfield code="a">1 videocasete (VHS) (ca. 60 min.) : </subfield>
      <subfield code="a">1 videocasete (VHS) (40 min.) : </subfield>
      <subfield code="b">son., col. ; </subfield>
      <subfield code="a">1 videocasete (VHS) (50 min.) : </subfield>
      <subfield code="b">son., col. ; </subfield>
      <subfield code="a">1 videocasete (VHS) (100 min.) : </subfield>
      <subfield code="b">son., col. ; </subfield>
      <subfield code="a">1 videocasete (96 min.) : </subfield>
      <subfield code="b">son., col. ; </subfield>
      <subfield code="a">1 videocasete (VHS) (93 min.) : </subfield>
      <subfield code="b">son., col. ; </subfield>
      <subfield code="a">1 videocasete (VHS) (ca. 60 min.) : </subfield>
      <subfield code="b">son., col. ; </subfield>
      <subfield code="a">1 videocasete (VHS) (95 min.) : </subfield>
      <subfield code="b">son., col. ; </subfield>
      <subfield code="a">1 videocasete(VHS) (ca. 95 min.) : </subfield>
      <subfield code="b">son., col. ; </subfield>
      <subfield code="a">1 videocasete (VHS) (50 min.) : </subfield>
      <subfield code="b">son., col. ; </subfield>
      <subfield code="a">1 videocasete (VHS) (60 min.) : </subfield>
      <subfield code="b">son., col. ; </subfield>
      <subfield code="a">5 videocasetes (VHS) (ca300 min.) : </subfield>
      <subfield code="b">son., col. ; </subfield>
      <subfield code="a">1 videocasete (VHS-PAL) (135 min.) : </subfield>
      <subfield code="b">son., color. ; </subfield>
    </datafield>
    <datafield tag="650" ind1=" " ind2=" ">
      <subfield code="a">CINE YUGOSLAVO</subfield>
    </datafield>
    <datafield tag="650" ind1=" " ind2=" ">
      <subfield code="a">VIDEOCASETE</subfield>
    </datafield>
    <datafield tag="942" ind1=" " ind2=" ">
      <subfield code="c">VD</subfield>
    </datafield>
    <datafield tag="952" ind1=" " ind2=" ">
      <subfield code="a">BIB_RECT</subfield>
      <subfield code="b">BIB_UARG</subfield>
      <subfield code="d">2006-09-22</subfield>
      <subfield code="y">VD</subfield>
      <subfield code="p">05-15917</subfield>
      <subfield code="i">05-15917</subfield>
      <subfield code="g"/>
      <subfield code="o">791.43(497) KUS</subfield>
      <subfield code="e"/>
      <subfield code="8">MM</subfield>
    </datafield>
  </record>