
  <record>
    <leader>01000aam  22002601a 4500</leader>
    <controlfield tag="001">YPZ14991</controlfield>
    <controlfield tag="003">YPZ</controlfield>
    <controlfield tag="005">200609201416010</controlfield>
    <controlfield tag="008">060920|###########||||||b||||||||||spa|d</controlfield>
    <datafield tag="040" ind1=" " ind2=" ">
      <subfield code="c">SIUNPA</subfield>
    </datafield>
    <datafield tag="044" ind1=" " ind2=" ">
      <subfield code="a">AR</subfield>
    </datafield>
    <datafield tag="080" ind1=" " ind2=" ">
      <subfield code="a">791.43(73) SJO</subfield>
    </datafield>
    <datafield tag="245" ind1=" " ind2=" ">
      <subfield code="a">El viento. the wind</subfield>
      <subfield code="c"> / dir.; Sj?str?m. Víctor</subfield>
    </datafield>
    <datafield tag="260" ind1=" " ind2=" ">
      <subfield code="a">Buenos Aires</subfield>
      <subfield code="b"> : Kinema/Cultural Video</subfield>
      <subfield code="c"> , 1928</subfield>
    </datafield>
    <datafield tag="300" ind1=" " ind2=" ">
      <subfield code="a">1 videocasete (VHS) : </subfield>
      <subfield code="b">son., color. ; </subfield>
    </datafield>
    <datafield tag="440" ind1=" " ind2=" ">
      <subfield code="a">Colección edad de oro del cine mudo. Obras maestras del cine universal</subfield>
      <subfield code="v">?</subfield>
    </datafield>
    <datafield tag="490" ind1=" " ind2=" ">
      <subfield code="a">Colección edad de oro del cine mudo. Obras maestras del cine universal</subfield>
      <subfield code="v">?</subfield>
    </datafield>
    <datafield tag="440" ind1=" " ind2=" ">
      <subfield code="v">?</subfield>
    </datafield>
    <datafield tag="490" ind1=" " ind2=" ">
      <subfield code="v">?</subfield>
    </datafield>
    <datafield tag="650" ind1=" " ind2=" ">
      <subfield code="a">CINE NORTEAMERICANO</subfield>
    </datafield>
    <datafield tag="650" ind1=" " ind2=" ">
      <subfield code="a">VIDEOCASETE</subfield>
    </datafield>
    <datafield tag="942" ind1=" " ind2=" ">
      <subfield code="c">VD</subfield>
    </datafield>
    <datafield tag="952" ind1=" " ind2=" ">
      <subfield code="a">BIB_RECT</subfield>
      <subfield code="b">BIB_UARG</subfield>
      <subfield code="d">2006-09-22</subfield>
      <subfield code="y">VD</subfield>
      <subfield code="p">05-15926</subfield>
      <subfield code="i">05-15926</subfield>
      <subfield code="g"/>
      <subfield code="o">791.43(73) SJO</subfield>
      <subfield code="e"/>
      <subfield code="8">MM</subfield>
    </datafield>
  </record>