
  <record>
    <leader>01000aam  22002601a 4500</leader>
    <controlfield tag="001">YPZ15108</controlfield>
    <controlfield tag="003">YPZ</controlfield>
    <controlfield tag="005">200609201416010</controlfield>
    <controlfield tag="008">060920|###########||||||b||||||||||spa|d</controlfield>
    <datafield tag="040" ind1=" " ind2=" ">
      <subfield code="c">SIUNPA</subfield>
    </datafield>
    <datafield tag="044" ind1=" " ind2=" ">
      <subfield code="a">AR</subfield>
    </datafield>
    <datafield tag="080" ind1=" " ind2=" ">
      <subfield code="a">791.43(44) DRE</subfield>
    </datafield>
    <datafield tag="245" ind1=" " ind2=" ">
      <subfield code="a">La Pasión de Juana de Arco</subfield>
      <subfield code="c"> / dir.; Dreyer. Carl</subfield>
    </datafield>
    <datafield tag="260" ind1=" " ind2=" ">
      <subfield code="a">Buenos Aires</subfield>
      <subfield code="b"> : Kinema</subfield>
      <subfield code="c"> , 198? c1926-1928</subfield>
    </datafield>
    <datafield tag="300" ind1=" " ind2=" ">
      <subfield code="a">1 videocasete (VHS)(80 min.) : </subfield>
      <subfield code="b">byn. ; </subfield>
    </datafield>
    <datafield tag="440" ind1=" " ind2=" ">
      <subfield code="a">Los grandes clásicos del cine</subfield>
      <subfield code="a">Historias de crimen y misterio</subfield>
      <subfield code="a">El gran cine francés</subfield>
      <subfield code="a">Los grandes clásicos del cine</subfield>
      <subfield code="a">Los grandes clásicos del cine</subfield>
      <subfield code="a">Loa grandes clásicos del cine</subfield>
      <subfield code="a">Cine Argentino</subfield>
      <subfield code="a">Glorias del cine italiano</subfield>
      <subfield code="a">Obras maestras del cine universal. Edad de oro del cine mudo</subfield>
      <subfield code="v">3</subfield>
    </datafield>
    <datafield tag="490" ind1=" " ind2=" ">
      <subfield code="a">Los grandes clásicos del cine</subfield>
      <subfield code="a">Historias de crimen y misterio</subfield>
      <subfield code="a">El gran cine francés</subfield>
      <subfield code="a">Los grandes clásicos del cine</subfield>
      <subfield code="a">Los grandes clásicos del cine</subfield>
      <subfield code="a">Loa grandes clásicos del cine</subfield>
      <subfield code="a">Cine Argentino</subfield>
      <subfield code="a">Glorias del cine italiano</subfield>
      <subfield code="a">Obras maestras del cine universal. Edad de oro del cine mudo</subfield>
      <subfield code="v">3</subfield>
    </datafield>
    <datafield tag="440" ind1=" " ind2=" ">
      <subfield code="v">3</subfield>
    </datafield>
    <datafield tag="490" ind1=" " ind2=" ">
      <subfield code="v">3</subfield>
    </datafield>
    <datafield tag="650" ind1=" " ind2=" ">
      <subfield code="a">CINE FRANCES</subfield>
    </datafield>
    <datafield tag="650" ind1=" " ind2=" ">
      <subfield code="a">HISTORIA</subfield>
    </datafield>
    <datafield tag="650" ind1=" " ind2=" ">
      <subfield code="a">HISTORIA FRANCESA</subfield>
    </datafield>
    <datafield tag="650" ind1=" " ind2=" ">
      <subfield code="a">JUANA DE ARCO</subfield>
    </datafield>
    <datafield tag="650" ind1=" " ind2=" ">
      <subfield code="a">CINE MUDO</subfield>
    </datafield>
    <datafield tag="650" ind1=" " ind2=" ">
      <subfield code="a">VIDEOCASETE</subfield>
    </datafield>
    <datafield tag="942" ind1=" " ind2=" ">
      <subfield code="c">VD</subfield>
    </datafield>
    <datafield tag="952" ind1=" " ind2=" ">
      <subfield code="a">BIB_RECT</subfield>
      <subfield code="b">BIB_UARG</subfield>
      <subfield code="d">2006-09-22</subfield>
      <subfield code="y">VD</subfield>
      <subfield code="p">05-13649</subfield>
      <subfield code="i">05-13649</subfield>
      <subfield code="g"/>
      <subfield code="o">791.43(44) DRE</subfield>
      <subfield code="e"/>
      <subfield code="8">MM</subfield>
    </datafield>
  </record>