
  <record>
    <leader>01000aam  22002601a 4500</leader>
    <controlfield tag="001">YPZ87014</controlfield>
    <controlfield tag="003">YPZ</controlfield>
    <controlfield tag="005">200709191832160</controlfield>
    <controlfield tag="008">070919|###########||||||b||||||||||spa|d</controlfield>
    <datafield tag="040" ind1=" " ind2=" ">
      <subfield code="c">SIUNPA</subfield>
    </datafield>
    <datafield tag="041" ind1=" " ind2=" ">
      <subfield code="a">spa</subfield>
    </datafield>
    <datafield tag="044" ind1=" " ind2=" ">
      <subfield code="a">AR</subfield>
    </datafield>
    <datafield tag="080" ind1=" " ind2=" ">
      <subfield code="a">65.012.4 K652r</subfield>
    </datafield>
    <datafield tag="245" ind1=" " ind2=" ">
      <subfield code="a">La responsabilidad social del administrador y su nuevo rol en una América Latina en cambio</subfield>
    </datafield>
    <datafield tag="260" ind1=" " ind2=" ">
      <subfield code="a">Lomas de Zamora</subfield>
      <subfield code="b"> : [ADENAG]</subfield>
      <subfield code="c"> , 2007</subfield>
    </datafield>
    <datafield tag="505" ind1=" " ind2=" ">
      <subfield code="a">Contenido del DVD: Conferencia dictada en el XXIII Congreso Nacional de Docentes de Administración General, Buenos Aires, 2007</subfield>
    </datafield>
    <datafield tag="650" ind1=" " ind2=" ">
      <subfield code="a"> ADMINISTRACION DE EMPRESAS</subfield>
    </datafield>
    <datafield tag="650" ind1=" " ind2=" ">
      <subfield code="a"> LIDERAZGO </subfield>
    </datafield>
    <datafield tag="650" ind1=" " ind2=" ">
      <subfield code="a"> GESTION EMPRESARIAL</subfield>
    </datafield>
    <datafield tag="650" ind1=" " ind2=" ">
      <subfield code="a"> AMERICA LATINA</subfield>
    </datafield>
    <datafield tag="942" ind1=" " ind2=" ">
      <subfield code="c">VD</subfield>
    </datafield>
    <datafield tag="952" ind1=" " ind2=" ">
      <subfield code="a">BIB_RECT</subfield>
      <subfield code="b">BIB_UARG</subfield>
      <subfield code="d">2007-08-29</subfield>
      <subfield code="y">VD</subfield>
      <subfield code="p">05-33141</subfield>
      <subfield code="i">05-33141</subfield>
      <subfield code="g">10</subfield>
      <subfield code="o">65.012.4 K652r</subfield>
      <subfield code="e">Donación Carlos Vacca</subfield>
      <subfield code="8">MM</subfield>
    </datafield>
  </record>