
  <record>
    <leader>01000aam  22002601a 4500</leader>
    <controlfield tag="001">YPZ87099</controlfield>
    <controlfield tag="003">YPZ</controlfield>
    <controlfield tag="005">200710101043410</controlfield>
    <controlfield tag="008">071010|###########||||||b||||||||||spa|d</controlfield>
    <datafield tag="040" ind1=" " ind2=" ">
      <subfield code="c">SIUNPA</subfield>
    </datafield>
    <datafield tag="041" ind1=" " ind2=" ">
      <subfield code="a">spa</subfield>
    </datafield>
    <datafield tag="044" ind1=" " ind2=" ">
      <subfield code="a">AR</subfield>
    </datafield>
    <datafield tag="080" ind1=" " ind2=" ">
      <subfield code="a">V658.8.012.2 M345m</subfield>
    </datafield>
    <datafield tag="245" ind1=" " ind2=" ">
      <subfield code="a">Marketing</subfield>
      <subfield code="b"> : planificación y previsión</subfield>
    </datafield>
    <datafield tag="260" ind1=" " ind2=" ">
      <subfield code="a">Buenos Aires</subfield>
      <subfield code="b"> : Video Saber</subfield>
      <subfield code="c"> , 1995</subfield>
    </datafield>
    <datafield tag="440" ind1=" " ind2=" ">
      <subfield code="a">La fauna canadiense</subfield>
      <subfield code="a">La fauna canadiense</subfield>
      <subfield code="a">La fauna canadiense</subfield>
      <subfield code="a">Biblioteca Clarín. Videoteca</subfield>
      <subfield code="a">Video saber aula. Educación, audivisual|Video enciclopedia del marketing y la publicidad</subfield>
      <subfield code="v">2</subfield>
    </datafield>
    <datafield tag="490" ind1=" " ind2=" ">
      <subfield code="a">La fauna canadiense</subfield>
      <subfield code="a">La fauna canadiense</subfield>
      <subfield code="a">La fauna canadiense</subfield>
      <subfield code="a">Biblioteca Clarín. Videoteca</subfield>
      <subfield code="a">Video saber aula. Educación, audivisual|Video enciclopedia del marketing y la publicidad</subfield>
      <subfield code="v">2</subfield>
    </datafield>
    <datafield tag="650" ind1=" " ind2=" ">
      <subfield code="a"> MARKETING</subfield>
    </datafield>
    <datafield tag="650" ind1=" " ind2=" ">
      <subfield code="a"> PLAN DE MARKETING</subfield>
    </datafield>
    <datafield tag="650" ind1=" " ind2=" ">
      <subfield code="a"> MARKETING</subfield>
    </datafield>
    <datafield tag="650" ind1=" " ind2=" ">
      <subfield code="a">MIX</subfield>
    </datafield>
    <datafield tag="942" ind1=" " ind2=" ">
      <subfield code="c">VD</subfield>
    </datafield>
    <datafield tag="952" ind1=" " ind2=" ">
      <subfield code="a">BIB_RECT</subfield>
      <subfield code="b">BIB_UACO</subfield>
      <subfield code="d">2007-09-27</subfield>
      <subfield code="y">VD</subfield>
      <subfield code="p">02-33493</subfield>
      <subfield code="i">02-33493</subfield>
      <subfield code="g">44</subfield>
      <subfield code="o">V658.8.012.2 M345m</subfield>
      <subfield code="e">Compra UACO</subfield>
      <subfield code="8">MM</subfield>
    </datafield>
  </record>