
  <record>
    <leader>01000aam  22002601a 4500</leader>
    <controlfield tag="001">YPZ87101</controlfield>
    <controlfield tag="003">YPZ</controlfield>
    <controlfield tag="005">200710101236440</controlfield>
    <controlfield tag="008">071010|###########||||||b||||||||||spa|d</controlfield>
    <datafield tag="040" ind1=" " ind2=" ">
      <subfield code="c">SIUNPA</subfield>
    </datafield>
    <datafield tag="041" ind1=" " ind2=" ">
      <subfield code="a">spa</subfield>
    </datafield>
    <datafield tag="044" ind1=" " ind2=" ">
      <subfield code="a">AR</subfield>
    </datafield>
    <datafield tag="080" ind1=" " ind2=" ">
      <subfield code="a">V364.272 A354a</subfield>
    </datafield>
    <datafield tag="245" ind1=" " ind2=" ">
      <subfield code="a">Alcoholismo</subfield>
    </datafield>
    <datafield tag="260" ind1=" " ind2=" ">
      <subfield code="a">Buenos Aires</subfield>
      <subfield code="b"> : Centro Televisivo Arquidiocesano</subfield>
      <subfield code="c"> , [199-?]</subfield>
    </datafield>
    <datafield tag="500" ind1=" " ind2=" ">
      <subfield code="a">Tít. de lomo: Documental: Alcoholismo</subfield>
    </datafield>
    <datafield tag="650" ind1=" " ind2=" ">
      <subfield code="a"> ALCOHOLISMO</subfield>
    </datafield>
    <datafield tag="942" ind1=" " ind2=" ">
      <subfield code="c">VD</subfield>
    </datafield>
    <datafield tag="952" ind1=" " ind2=" ">
      <subfield code="a">BIB_RECT</subfield>
      <subfield code="b">BIB_UACO</subfield>
      <subfield code="d">2007-09-27</subfield>
      <subfield code="y">VD</subfield>
      <subfield code="p">02-33490</subfield>
      <subfield code="i">02-33490</subfield>
      <subfield code="g">34</subfield>
      <subfield code="o">V364.272 A354a</subfield>
      <subfield code="e">Compra UACO</subfield>
      <subfield code="8">MM</subfield>
    </datafield>
  </record>