
  <record>
    <leader>01000aam  22002601a 4500</leader>
    <controlfield tag="001">YPZ87103</controlfield>
    <controlfield tag="003">YPZ</controlfield>
    <controlfield tag="005">200710101523160</controlfield>
    <controlfield tag="008">071010|###########||||||b||||||||||spa|d</controlfield>
    <datafield tag="040" ind1=" " ind2=" ">
      <subfield code="c">SIUNPA</subfield>
    </datafield>
    <datafield tag="041" ind1=" " ind2=" ">
      <subfield code="a">spa</subfield>
    </datafield>
    <datafield tag="044" ind1=" " ind2=" ">
      <subfield code="a">AR</subfield>
    </datafield>
    <datafield tag="080" ind1=" " ind2=" ">
      <subfield code="a">V504.53.05 A946a</subfield>
    </datafield>
    <datafield tag="245" ind1=" " ind2=" ">
      <subfield code="a">Los avances de la desertización</subfield>
    </datafield>
    <datafield tag="260" ind1=" " ind2=" ">
      <subfield code="a">Buenos Aires</subfield>
      <subfield code="b"> : Video Saber</subfield>
      <subfield code="c"> , 1995</subfield>
    </datafield>
    <datafield tag="440" ind1=" " ind2=" ">
      <subfield code="a">La humanidad</subfield>
      <subfield code="a">Video saber aula. Ciencia y Tecnología</subfield>
      <subfield code="a">Video saber aula. Ecología, Medio ambiente</subfield>
      <subfield code="v">v.9</subfield>
    </datafield>
    <datafield tag="490" ind1=" " ind2=" ">
      <subfield code="a">La humanidad</subfield>
      <subfield code="a">Video saber aula. Ciencia y Tecnología</subfield>
      <subfield code="a">Video saber aula. Ecología, Medio ambiente</subfield>
      <subfield code="v">v.9</subfield>
    </datafield>
    <datafield tag="650" ind1=" " ind2=" ">
      <subfield code="a"> DESERTIFICACION</subfield>
    </datafield>
    <datafield tag="650" ind1=" " ind2=" ">
      <subfield code="a"> MEDIO AMBIENTE</subfield>
    </datafield>
    <datafield tag="650" ind1=" " ind2=" ">
      <subfield code="a"> ESTUDIO DE CASOS</subfield>
    </datafield>
    <datafield tag="650" ind1=" " ind2=" ">
      <subfield code="a"> DETERIORO AMBIENTAL</subfield>
    </datafield>
    <datafield tag="650" ind1=" " ind2=" ">
      <subfield code="a"> AFRICA</subfield>
    </datafield>
    <datafield tag="942" ind1=" " ind2=" ">
      <subfield code="c">VD</subfield>
    </datafield>
    <datafield tag="952" ind1=" " ind2=" ">
      <subfield code="a">BIB_RECT</subfield>
      <subfield code="b">BIB_UACO</subfield>
      <subfield code="d">2007-09-27</subfield>
      <subfield code="y">VD</subfield>
      <subfield code="p">02-33489</subfield>
      <subfield code="i">02-33489</subfield>
      <subfield code="g">40</subfield>
      <subfield code="o">V504.53.05 A946a</subfield>
      <subfield code="e">Compra UACO</subfield>
      <subfield code="8">MM</subfield>
    </datafield>
  </record>