
  <record>
    <leader>01000aam  22002601a 4500</leader>
    <controlfield tag="001">YPZ87363</controlfield>
    <controlfield tag="003">YPZ</controlfield>
    <controlfield tag="005">200712111501150</controlfield>
    <controlfield tag="008">071211|###########||||||b||||||||||spa|d</controlfield>
    <datafield tag="040" ind1=" " ind2=" ">
      <subfield code="c">SIUNPA</subfield>
    </datafield>
    <datafield tag="041" ind1=" " ind2=" ">
      <subfield code="a">spa</subfield>
    </datafield>
    <datafield tag="044" ind1=" " ind2=" ">
      <subfield code="a">AR</subfield>
    </datafield>
    <datafield tag="080" ind1=" " ind2=" ">
      <subfield code="a">V791.43(460) B438b</subfield>
    </datafield>
    <datafield tag="245" ind1=" " ind2=" ">
      <subfield code="a">Belle epoque</subfield>
      <subfield code="c"> / Trueba, Fernando, dir.</subfield>
    </datafield>
    <datafield tag="260" ind1=" " ind2=" ">
      <subfield code="a">Buenos Aires</subfield>
      <subfield code="b"> : Perfil</subfield>
      <subfield code="c"> , 1992</subfield>
    </datafield>
    <datafield tag="440" ind1=" " ind2=" ">
      <subfield code="a">Videoteca Caras Platino</subfield>
      <subfield code="v">34</subfield>
    </datafield>
    <datafield tag="490" ind1=" " ind2=" ">
      <subfield code="a">Videoteca Caras Platino</subfield>
      <subfield code="v">34</subfield>
    </datafield>
    <datafield tag="500" ind1=" " ind2=" ">
      <subfield code="a">Guión: Rafael Azcona - Intérpretes: Fernando Fernán-Gómez, Maribel Verdú, Jorge Sanz, Penélope Cruz, Ariadna Gil, Miriam Díaz Aroca, Gabino Diego, Chus Lampreave</subfield>
    </datafield>
    <datafield tag="650" ind1=" " ind2=" ">
      <subfield code="a"> CINE ESPAÑOL</subfield>
    </datafield>
    <datafield tag="650" ind1=" " ind2=" ">
      <subfield code="a"> COMEDIA ROMANTICA</subfield>
    </datafield>
    <datafield tag="942" ind1=" " ind2=" ">
      <subfield code="c">VD</subfield>
    </datafield>
    <datafield tag="952" ind1=" " ind2=" ">
      <subfield code="a">BIB_RECT</subfield>
      <subfield code="b">BIB_UARG</subfield>
      <subfield code="d">2007-10-31</subfield>
      <subfield code="y">VD</subfield>
      <subfield code="p">05-33763</subfield>
      <subfield code="i">05-33763</subfield>
      <subfield code="g">40</subfield>
      <subfield code="o">V791.43(460) B438b</subfield>
      <subfield code="e">Donación Atienza, Alicia</subfield>
      <subfield code="8">MM</subfield>
    </datafield>
  </record>