
  <record>
    <leader>01000aam  22002601a 4500</leader>
    <controlfield tag="001">YPZ87365</controlfield>
    <controlfield tag="003">YPZ</controlfield>
    <controlfield tag="005">200712111656190</controlfield>
    <controlfield tag="008">071211|###########||||||b||||||||||spa|d</controlfield>
    <datafield tag="040" ind1=" " ind2=" ">
      <subfield code="c">SIUNPA</subfield>
    </datafield>
    <datafield tag="041" ind1=" " ind2=" ">
      <subfield code="a">spa</subfield>
    </datafield>
    <datafield tag="044" ind1=" " ind2=" ">
      <subfield code="a">AR</subfield>
    </datafield>
    <datafield tag="080" ind1=" " ind2=" ">
      <subfield code="a">V611 M311m</subfield>
    </datafield>
    <datafield tag="245" ind1=" " ind2=" ">
      <subfield code="a">La maravillosa máquina humana</subfield>
      <subfield code="c"> / Flemmer, Walter, según una idea de ; Noltenius, H., adaptac. para la pantalla</subfield>
    </datafield>
    <datafield tag="260" ind1=" " ind2=" ">
      <subfield code="a">Buenos Aires</subfield>
      <subfield code="b"> : Metrovideo</subfield>
      <subfield code="c"> , [199?]</subfield>
    </datafield>
    <datafield tag="500" ind1=" " ind2=" ">
      <subfield code="a">La biblioteca posee v.1, v.3, v.6 - Para EGB 2º y 3er. ciclo</subfield>
    </datafield>
    <datafield tag="505" ind1=" " ind2=" ">
      <subfield code="a">Contenido: v.1, El corazón. El sistema circulatorio - v.3, La sangre. Las células - v.6, La respiración. Sistemas de defensa</subfield>
    </datafield>
    <datafield tag="650" ind1=" " ind2=" ">
      <subfield code="a"> ANATOMIA</subfield>
    </datafield>
    <datafield tag="650" ind1=" " ind2=" ">
      <subfield code="a"> FISIOLOGIA HUMANA</subfield>
    </datafield>
    <datafield tag="942" ind1=" " ind2=" ">
      <subfield code="c">VD</subfield>
    </datafield>
    <datafield tag="952" ind1=" " ind2=" ">
      <subfield code="a">BIB_RECT</subfield>
      <subfield code="b">BIB_UARG</subfield>
      <subfield code="d">2007-10-31</subfield>
      <subfield code="y">VD</subfield>
      <subfield code="p">05-33753</subfield>
      <subfield code="i">05-33753</subfield>
      <subfield code="g">50</subfield>
      <subfield code="o">V611 M311m</subfield>
      <subfield code="e">Compra UARG</subfield>
      <subfield code="8">MM</subfield>
    </datafield>
    <datafield tag="952" ind1=" " ind2=" ">
      <subfield code="a">BIB_RECT</subfield>
      <subfield code="b">BIB_UARG</subfield>
      <subfield code="d">2007-10-31</subfield>
      <subfield code="y">VD</subfield>
      <subfield code="p">05-33754</subfield>
      <subfield code="i">05-33754</subfield>
      <subfield code="g">50</subfield>
      <subfield code="o">V611 M311m</subfield>
      <subfield code="e">Compra UARG</subfield>
      <subfield code="8">MM</subfield>
    </datafield>
    <datafield tag="952" ind1=" " ind2=" ">
      <subfield code="a">BIB_RECT</subfield>
      <subfield code="b">BIB_UARG</subfield>
      <subfield code="d">2007-10-31</subfield>
      <subfield code="y">VD</subfield>
      <subfield code="p">05-33755</subfield>
      <subfield code="i">05-33755</subfield>
      <subfield code="g">50</subfield>
      <subfield code="o">V611 M311m</subfield>
      <subfield code="e">Compra UARG</subfield>
      <subfield code="8">MM</subfield>
    </datafield>
  </record>