
  <record>
    <leader>01000aam  22002601a 4500</leader>
    <controlfield tag="001">YPZ87676</controlfield>
    <controlfield tag="003">YPZ</controlfield>
    <controlfield tag="005">200803031647230</controlfield>
    <controlfield tag="008">080303|###########||||||b||||||||||spa|d</controlfield>
    <datafield tag="040" ind1=" " ind2=" ">
      <subfield code="c">SIUNPA</subfield>
    </datafield>
    <datafield tag="041" ind1=" " ind2=" ">
      <subfield code="a">spa</subfield>
    </datafield>
    <datafield tag="044" ind1=" " ind2=" ">
      <subfield code="a">AR</subfield>
    </datafield>
    <datafield tag="080" ind1=" " ind2=" ">
      <subfield code="a">V630*2 A691p</subfield>
    </datafield>
    <datafield tag="110" ind1=" " ind2=" ">
      <subfield code="a">Argentina. Secretaría de Ambiente y Desarrollo Sustentable de la Nación. Proyecto de Investigación Aplicada a los Recursos Forestales Nativos, PIARFON.</subfield>
    </datafield>
    <datafield tag="245" ind1=" " ind2=" ">
      <subfield code="a">PIARFON</subfield>
      <subfield code="b"> : proyecto de investigación aplicada a los recursos forestales nativos</subfield>
      <subfield code="c"> / Cabeza, Edgardo, dir.</subfield>
    </datafield>
    <datafield tag="260" ind1=" " ind2=" ">
      <subfield code="a">Buenos Aires</subfield>
      <subfield code="b"> : Secretaría de Ambiente y Desarrollo Sustentable de la Nación</subfield>
      <subfield code="b"> : Magoyafilms</subfield>
      <subfield code="c"> , [2005?]</subfield>
    </datafield>
    <datafield tag="650" ind1=" " ind2=" ">
      <subfield code="a"> BOSQUES</subfield>
    </datafield>
    <datafield tag="650" ind1=" " ind2=" ">
      <subfield code="a"> PROYECTO DE INVESTIGACION</subfield>
    </datafield>
    <datafield tag="650" ind1=" " ind2=" ">
      <subfield code="a"> SILVICULTURA</subfield>
    </datafield>
    <datafield tag="650" ind1=" " ind2=" ">
      <subfield code="a"> ARBOLES NATIVOS</subfield>
    </datafield>
    <datafield tag="650" ind1=" " ind2=" ">
      <subfield code="a"> ARGENTINA</subfield>
    </datafield>
    <datafield tag="942" ind1=" " ind2=" ">
      <subfield code="c">VD</subfield>
    </datafield>
    <datafield tag="952" ind1=" " ind2=" ">
      <subfield code="a">BIB_RECT</subfield>
      <subfield code="b">BIB_UARG</subfield>
      <subfield code="d">2008-02-29</subfield>
      <subfield code="y">VD</subfield>
      <subfield code="p">05-34400</subfield>
      <subfield code="i">05-34400</subfield>
      <subfield code="g">25</subfield>
      <subfield code="o">V630*2 A691p</subfield>
      <subfield code="e">Jefatura de Gabinete de Ministros</subfield>
      <subfield code="8">MM</subfield>
    </datafield>
    <datafield tag="952" ind1=" " ind2=" ">
      <subfield code="a">BIB_RECT</subfield>
      <subfield code="b">BIB_UARG</subfield>
      <subfield code="d">2008-02-29</subfield>
      <subfield code="y">VD</subfield>
      <subfield code="p">05-34401</subfield>
      <subfield code="i">05-34401</subfield>
      <subfield code="g">25</subfield>
      <subfield code="o">V630*2 A691p</subfield>
      <subfield code="e">Jefatura de Gabinete de Ministros</subfield>
      <subfield code="8">MM</subfield>
    </datafield>
  </record>