
  <record>
    <leader>01000aam  22002601a 4500</leader>
    <controlfield tag="001">YPZ87745</controlfield>
    <controlfield tag="003">YPZ</controlfield>
    <controlfield tag="005">200803071702100</controlfield>
    <controlfield tag="008">080307|###########||||||b||||||||||spa|d</controlfield>
    <datafield tag="040" ind1=" " ind2=" ">
      <subfield code="c">SIUNPA</subfield>
    </datafield>
    <datafield tag="080" ind1=" " ind2=" ">
      <subfield code="a">V791.43(430) W469a</subfield>
    </datafield>
    <datafield tag="245" ind1=" " ind2=" ">
      <subfield code="a">Las alas del deseo</subfield>
      <subfield code="c"> / Wenders, Wim, dir.</subfield>
    </datafield>
    <datafield tag="246" ind1=" " ind2=" ">
      <subfield code="a">Der Himmel über Berlin.</subfield>
    </datafield>
    <datafield tag="260" ind1=" " ind2=" ">
      <subfield code="a">[Buenos Aires?]</subfield>
      <subfield code="b"> : [s.n.]</subfield>
      <subfield code="c"> , [1988?]</subfield>
    </datafield>
    <datafield tag="500" ind1=" " ind2=" ">
      <subfield code="a">Intérpretes: Peter Falk, Bruno Ganz, Otto Sander, Solveig Dommartin</subfield>
    </datafield>
    <datafield tag="650" ind1=" " ind2=" ">
      <subfield code="a"> DRAMA</subfield>
    </datafield>
    <datafield tag="650" ind1=" " ind2=" ">
      <subfield code="a"> CINE ALEMAN</subfield>
    </datafield>
    <datafield tag="942" ind1=" " ind2=" ">
      <subfield code="c">VD</subfield>
    </datafield>
    <datafield tag="952" ind1=" " ind2=" ">
      <subfield code="a">BIB_RECT</subfield>
      <subfield code="b">BIB_UASJ</subfield>
      <subfield code="d">2008-02-29</subfield>
      <subfield code="y">VD</subfield>
      <subfield code="p">04-34447</subfield>
      <subfield code="i">04-34447</subfield>
      <subfield code="g">15</subfield>
      <subfield code="o">V791.43(430) W469a</subfield>
      <subfield code="e">Centro de Lengua Inglesa de San Julián</subfield>
      <subfield code="8">MM</subfield>
    </datafield>
  </record>