
  <record>
    <leader>01000aam  22002601a 4500</leader>
    <controlfield tag="001">YPZ87758</controlfield>
    <controlfield tag="003">YPZ</controlfield>
    <controlfield tag="005">200803101614470</controlfield>
    <controlfield tag="008">080310|###########||||||b||||||||||spa|d</controlfield>
    <datafield tag="040" ind1=" " ind2=" ">
      <subfield code="c">SIUNPA</subfield>
    </datafield>
    <datafield tag="041" ind1=" " ind2=" ">
      <subfield code="a">spa</subfield>
    </datafield>
    <datafield tag="044" ind1=" " ind2=" ">
      <subfield code="a">ES</subfield>
    </datafield>
    <datafield tag="080" ind1=" " ind2=" ">
      <subfield code="a">V551.46 S446s</subfield>
    </datafield>
    <datafield tag="245" ind1=" " ind2=" ">
      <subfield code="a">Los secretos del mar</subfield>
      <subfield code="c"> / Cousteau, Jacques-Yves</subfield>
    </datafield>
    <datafield tag="260" ind1=" " ind2=" ">
      <subfield code="a">[Barcelona]</subfield>
      <subfield code="b"> : Folio</subfield>
      <subfield code="c"> , [1993]</subfield>
    </datafield>
    <datafield tag="505" ind1=" " ind2=" ">
      <subfield code="a">1-2. Gritos en las profundidades - 3-4. Del Atlántico a Los Grandes Lagos (I-II) - 5. Amazonas: viaje a la tierra de los mil ríos - 6. Australia: la última barrera - 7. El mar de Cortés - 8. Nueva Zelanda: mares ardientes - 9. La Isla de Cocos - 10. Borneo: la leyenda de Sipadan - 11. Borneo: el bosque tropical - 12. Cuba: las aguas del destino - 13. El mar de Bering - 14. Papua Nueva Guinea: la máquina del tiempo - 15. Papua Nueva Guinea: el centro del fuego - 16. Tahití: aguas de fuego - 17. Tailandia: presos del mar - 18. Haití: aguas de tristeza - 19. Cabo de Hornos: aguas de viento - 20. Las islas Marquesas - 21. Andaman: las islas invisibles - 22-23. Misisipí I-II - 24-25. Channel Islands I-II - 26. Los jinetes del viento - 27-28. Jacques Cousteau: los primeros 75 años (I-II) - 29. Australia Occidental - 30. Papua Guinea: el río de los hombres-cocodrilo - 31-32. El nuevo 'El Dorado' - 33. El río del futuro I</subfield>
    </datafield>
    <datafield tag="650" ind1=" " ind2=" ">
      <subfield code="a"> VIAJES  OCEANOGRAFIA</subfield>
    </datafield>
    <datafield tag="650" ind1=" " ind2=" ">
      <subfield code="a"> MAR</subfield>
    </datafield>
    <datafield tag="650" ind1=" " ind2=" ">
      <subfield code="a"> DOCUMENTAL</subfield>
    </datafield>
    <datafield tag="942" ind1=" " ind2=" ">
      <subfield code="c">VD</subfield>
    </datafield>
    <datafield tag="952" ind1=" " ind2=" ">
      <subfield code="a">BIB_RECT</subfield>
      <subfield code="b">BIB_UASJ</subfield>
      <subfield code="d">2008-03-03</subfield>
      <subfield code="y">VD</subfield>
      <subfield code="p">04-34404</subfield>
      <subfield code="i">04-34404</subfield>
      <subfield code="g">15</subfield>
      <subfield code="o">V551.46 S446s</subfield>
      <subfield code="e">Centro de Lengua Inglesa de San julián</subfield>
      <subfield code="8">MM</subfield>
    </datafield>
    <datafield tag="952" ind1=" " ind2=" ">
      <subfield code="a">BIB_RECT</subfield>
      <subfield code="b">BIB_UASJ</subfield>
      <subfield code="d">2008-03-03</subfield>
      <subfield code="y">VD</subfield>
      <subfield code="p">04-34405</subfield>
      <subfield code="i">04-34405</subfield>
      <subfield code="g">15</subfield>
      <subfield code="o">V551.46 S446s</subfield>
      <subfield code="e">Centro de Lengua Inglesa de San julián</subfield>
      <subfield code="8">MM</subfield>
    </datafield>
    <datafield tag="952" ind1=" " ind2=" ">
      <subfield code="a">BIB_RECT</subfield>
      <subfield code="b">BIB_UASJ</subfield>
      <subfield code="d">2008-03-03</subfield>
      <subfield code="y">VD</subfield>
      <subfield code="p">04-34406</subfield>
      <subfield code="i">04-34406</subfield>
      <subfield code="g">15</subfield>
      <subfield code="o">V551.46 S446s</subfield>
      <subfield code="e">Centro de Lengua Inglesa de San julián</subfield>
      <subfield code="8">MM</subfield>
    </datafield>
    <datafield tag="952" ind1=" " ind2=" ">
      <subfield code="a">BIB_RECT</subfield>
      <subfield code="b">BIB_UASJ</subfield>
      <subfield code="d">2008-03-03</subfield>
      <subfield code="y">VD</subfield>
      <subfield code="p">04-34407</subfield>
      <subfield code="i">04-34407</subfield>
      <subfield code="g">15</subfield>
      <subfield code="o">V551.46 S446s</subfield>
      <subfield code="e">Centro de Lengua Inglesa de San Julián</subfield>
      <subfield code="8">MM</subfield>
    </datafield>
    <datafield tag="952" ind1=" " ind2=" ">
      <subfield code="a">BIB_RECT</subfield>
      <subfield code="b">BIB_UASJ</subfield>
      <subfield code="d">2008-03-03</subfield>
      <subfield code="y">VD</subfield>
      <subfield code="p">04-34408</subfield>
      <subfield code="i">04-34408</subfield>
      <subfield code="g">15</subfield>
      <subfield code="o">V551.46 S446s</subfield>
      <subfield code="e">Centro de Lengua Inglesa de San julián</subfield>
      <subfield code="8">MM</subfield>
    </datafield>
    <datafield tag="952" ind1=" " ind2=" ">
      <subfield code="a">BIB_RECT</subfield>
      <subfield code="b">BIB_UASJ</subfield>
      <subfield code="d">2008-03-03</subfield>
      <subfield code="y">VD</subfield>
      <subfield code="p">04-34409</subfield>
      <subfield code="i">04-34409</subfield>
      <subfield code="g">15</subfield>
      <subfield code="o">V551.46 S446s</subfield>
      <subfield code="e">Centro de Lengua Inglesa de San julián</subfield>
      <subfield code="8">MM</subfield>
    </datafield>
    <datafield tag="952" ind1=" " ind2=" ">
      <subfield code="a">BIB_RECT</subfield>
      <subfield code="b">BIB_UASJ</subfield>
      <subfield code="d">2008-03-03</subfield>
      <subfield code="y">VD</subfield>
      <subfield code="p">04-34410</subfield>
      <subfield code="i">04-34410</subfield>
      <subfield code="g">15</subfield>
      <subfield code="o">V551.46 S446s</subfield>
      <subfield code="e">Centro de Lengua Inglesa de San julián</subfield>
      <subfield code="8">MM</subfield>
    </datafield>
    <datafield tag="952" ind1=" " ind2=" ">
      <subfield code="a">BIB_RECT</subfield>
      <subfield code="b">BIB_UASJ</subfield>
      <subfield code="d">2008-03-03</subfield>
      <subfield code="y">VD</subfield>
      <subfield code="p">04-34411</subfield>
      <subfield code="i">04-34411</subfield>
      <subfield code="g">15</subfield>
      <subfield code="o">V551.46 S446s</subfield>
      <subfield code="e">Centro de Lengua Inglesa de San julián</subfield>
      <subfield code="8">MM</subfield>
    </datafield>
    <datafield tag="952" ind1=" " ind2=" ">
      <subfield code="a">BIB_RECT</subfield>
      <subfield code="b">BIB_UASJ</subfield>
      <subfield code="d">2008-03-03</subfield>
      <subfield code="y">VD</subfield>
      <subfield code="p">04-34412</subfield>
      <subfield code="i">04-34412</subfield>
      <subfield code="g">15</subfield>
      <subfield code="o">V551.46 S446s</subfield>
      <subfield code="e">Centro de Lengua Inglesa de San julián</subfield>
      <subfield code="8">MM</subfield>
    </datafield>
    <datafield tag="952" ind1=" " ind2=" ">
      <subfield code="a">BIB_RECT</subfield>
      <subfield code="b">BIB_UASJ</subfield>
      <subfield code="d">2008-03-03</subfield>
      <subfield code="y">VD</subfield>
      <subfield code="p">04-34413</subfield>
      <subfield code="i">04-34413</subfield>
      <subfield code="g">15</subfield>
      <subfield code="o">V551.46 S446s</subfield>
      <subfield code="e">Centro de Lengua Inglesa de San julián</subfield>
      <subfield code="8">MM</subfield>
    </datafield>
    <datafield tag="952" ind1=" " ind2=" ">
      <subfield code="a">BIB_RECT</subfield>
      <subfield code="b">BIB_UASJ</subfield>
      <subfield code="d">2008-03-03</subfield>
      <subfield code="y">VD</subfield>
      <subfield code="p">04-34414</subfield>
      <subfield code="i">04-34414</subfield>
      <subfield code="g">15</subfield>
      <subfield code="o">V551.46 S446s</subfield>
      <subfield code="e">Centro de Lengua Inglesa de San julián</subfield>
      <subfield code="8">MM</subfield>
    </datafield>
    <datafield tag="952" ind1=" " ind2=" ">
      <subfield code="a">BIB_RECT</subfield>
      <subfield code="b">BIB_UASJ</subfield>
      <subfield code="d">2008-03-03</subfield>
      <subfield code="y">VD</subfield>
      <subfield code="p">04-34415</subfield>
      <subfield code="i">04-34415</subfield>
      <subfield code="g">15</subfield>
      <subfield code="o">V551.46 S446s</subfield>
      <subfield code="e">Centro de Lengua Inglesa de San julián</subfield>
      <subfield code="8">MM</subfield>
    </datafield>
    <datafield tag="952" ind1=" " ind2=" ">
      <subfield code="a">BIB_RECT</subfield>
      <subfield code="b">BIB_UASJ</subfield>
      <subfield code="d">2008-03-03</subfield>
      <subfield code="y">VD</subfield>
      <subfield code="p">04-34416</subfield>
      <subfield code="i">04-34416</subfield>
      <subfield code="g">15</subfield>
      <subfield code="o">V551.46 S446s</subfield>
      <subfield code="e">Centro de Lengua Inglesa de San julián</subfield>
      <subfield code="8">MM</subfield>
    </datafield>
    <datafield tag="952" ind1=" " ind2=" ">
      <subfield code="a">BIB_RECT</subfield>
      <subfield code="b">BIB_UASJ</subfield>
      <subfield code="d">2008-03-03</subfield>
      <subfield code="y">VD</subfield>
      <subfield code="p">04-34417</subfield>
      <subfield code="i">04-34417</subfield>
      <subfield code="g">15</subfield>
      <subfield code="o">V551.46 S446s</subfield>
      <subfield code="e">Centro de Lengua Inglesa de San julián</subfield>
      <subfield code="8">MM</subfield>
    </datafield>
    <datafield tag="952" ind1=" " ind2=" ">
      <subfield code="a">BIB_RECT</subfield>
      <subfield code="b">BIB_UASJ</subfield>
      <subfield code="d">2008-03-03</subfield>
      <subfield code="y">VD</subfield>
      <subfield code="p">04-34418</subfield>
      <subfield code="i">04-34418</subfield>
      <subfield code="g">15</subfield>
      <subfield code="o">V551.46 S446s</subfield>
      <subfield code="e">Centro de Lengua Inglesa de San julián</subfield>
      <subfield code="8">MM</subfield>
    </datafield>
    <datafield tag="952" ind1=" " ind2=" ">
      <subfield code="a">BIB_RECT</subfield>
      <subfield code="b">BIB_UASJ</subfield>
      <subfield code="d">2008-03-03</subfield>
      <subfield code="y">VD</subfield>
      <subfield code="p">04-34419</subfield>
      <subfield code="i">04-34419</subfield>
      <subfield code="g">15</subfield>
      <subfield code="o">V551.46 S446s</subfield>
      <subfield code="e">Centro de Lengua Inglesa de San julián</subfield>
      <subfield code="8">MM</subfield>
    </datafield>
    <datafield tag="952" ind1=" " ind2=" ">
      <subfield code="a">BIB_RECT</subfield>
      <subfield code="b">BIB_UASJ</subfield>
      <subfield code="d">2008-03-03</subfield>
      <subfield code="y">VD</subfield>
      <subfield code="p">04-34420</subfield>
      <subfield code="i">04-34420</subfield>
      <subfield code="g">15</subfield>
      <subfield code="o">V551.46 S446s</subfield>
      <subfield code="e">Centro de Lengua Inglesa de San Julián</subfield>
      <subfield code="8">MM</subfield>
    </datafield>
    <datafield tag="952" ind1=" " ind2=" ">
      <subfield code="a">BIB_RECT</subfield>
      <subfield code="b">BIB_UASJ</subfield>
      <subfield code="d">2008-03-03</subfield>
      <subfield code="y">VD</subfield>
      <subfield code="p">04-34421</subfield>
      <subfield code="i">04-34421</subfield>
      <subfield code="g">15</subfield>
      <subfield code="o">V551.46 S446s</subfield>
      <subfield code="e">Centro de Lengua Inglesa de San Julián</subfield>
      <subfield code="8">MM</subfield>
    </datafield>
    <datafield tag="952" ind1=" " ind2=" ">
      <subfield code="a">BIB_RECT</subfield>
      <subfield code="b">BIB_UASJ</subfield>
      <subfield code="d">2008-03-03</subfield>
      <subfield code="y">VD</subfield>
      <subfield code="p">04-34422</subfield>
      <subfield code="i">04-34422</subfield>
      <subfield code="g">15</subfield>
      <subfield code="o">V551.46 S446s</subfield>
      <subfield code="e">Centro de Lengua Inglesa de San Julián</subfield>
      <subfield code="8">MM</subfield>
    </datafield>
    <datafield tag="952" ind1=" " ind2=" ">
      <subfield code="a">BIB_RECT</subfield>
      <subfield code="b">BIB_UASJ</subfield>
      <subfield code="d">2008-03-03</subfield>
      <subfield code="y">VD</subfield>
      <subfield code="p">04-34423</subfield>
      <subfield code="i">04-34423</subfield>
      <subfield code="g">15</subfield>
      <subfield code="o">V551.46 S446s</subfield>
      <subfield code="e">Centro de Lengua Inglesa de San Julián04</subfield>
      <subfield code="8">MM</subfield>
    </datafield>
    <datafield tag="952" ind1=" " ind2=" ">
      <subfield code="a">BIB_RECT</subfield>
      <subfield code="b">BIB_UASJ</subfield>
      <subfield code="d">2008-03-03</subfield>
      <subfield code="y">VD</subfield>
      <subfield code="p">04-34424</subfield>
      <subfield code="i">04-34424</subfield>
      <subfield code="g">15</subfield>
      <subfield code="o">V551.46 S446s</subfield>
      <subfield code="e">Centro de Lengua Inglesa de San Julián</subfield>
      <subfield code="8">MM</subfield>
    </datafield>
    <datafield tag="952" ind1=" " ind2=" ">
      <subfield code="a">BIB_RECT</subfield>
      <subfield code="b">BIB_UASJ</subfield>
      <subfield code="d">2008-03-03</subfield>
      <subfield code="y">VD</subfield>
      <subfield code="p">04-34425</subfield>
      <subfield code="i">04-34425</subfield>
      <subfield code="g">15</subfield>
      <subfield code="o">V551.46 S446s</subfield>
      <subfield code="e">Centro de Lengua Inglesa de San Julián</subfield>
      <subfield code="8">MM</subfield>
    </datafield>
    <datafield tag="952" ind1=" " ind2=" ">
      <subfield code="a">BIB_RECT</subfield>
      <subfield code="b">BIB_UASJ</subfield>
      <subfield code="d">2008-03-03</subfield>
      <subfield code="y">VD</subfield>
      <subfield code="p">04-34426</subfield>
      <subfield code="i">04-34426</subfield>
      <subfield code="g">15</subfield>
      <subfield code="o">V551.46 S446s</subfield>
      <subfield code="e">Centro de Lengua Inglesa de San Julián</subfield>
      <subfield code="8">MM</subfield>
    </datafield>
    <datafield tag="952" ind1=" " ind2=" ">
      <subfield code="a">BIB_RECT</subfield>
      <subfield code="b">BIB_UASJ</subfield>
      <subfield code="d">2008-03-03</subfield>
      <subfield code="y">VD</subfield>
      <subfield code="p">04-34427</subfield>
      <subfield code="i">04-34427</subfield>
      <subfield code="g">15</subfield>
      <subfield code="o">V551.46 S446s</subfield>
      <subfield code="e">Centro de Lengua Inglesa de San Julián</subfield>
      <subfield code="8">MM</subfield>
    </datafield>
    <datafield tag="952" ind1=" " ind2=" ">
      <subfield code="a">BIB_RECT</subfield>
      <subfield code="b">BIB_UASJ</subfield>
      <subfield code="d">2008-03-03</subfield>
      <subfield code="y">VD</subfield>
      <subfield code="p">04-34428</subfield>
      <subfield code="i">04-34428</subfield>
      <subfield code="g">15</subfield>
      <subfield code="o">V551.46 S446s</subfield>
      <subfield code="e">Centro de Lengua Inglesa de San Julián</subfield>
      <subfield code="8">MM</subfield>
    </datafield>
    <datafield tag="952" ind1=" " ind2=" ">
      <subfield code="a">BIB_RECT</subfield>
      <subfield code="b">BIB_UASJ</subfield>
      <subfield code="d">2008-03-03</subfield>
      <subfield code="y">VD</subfield>
      <subfield code="p">04-34429</subfield>
      <subfield code="i">04-34429</subfield>
      <subfield code="g">15</subfield>
      <subfield code="o">V551.46 S446s</subfield>
      <subfield code="e">Centro de Lengua Inglesa de San Julián</subfield>
      <subfield code="8">MM</subfield>
    </datafield>
    <datafield tag="952" ind1=" " ind2=" ">
      <subfield code="a">BIB_RECT</subfield>
      <subfield code="b">BIB_UASJ</subfield>
      <subfield code="d">2008-03-03</subfield>
      <subfield code="y">VD</subfield>
      <subfield code="p">04-34430</subfield>
      <subfield code="i">04-34430</subfield>
      <subfield code="g">15</subfield>
      <subfield code="o">V551.46 S446s</subfield>
      <subfield code="e">Centro de Lengua Inglesa de San Julián</subfield>
      <subfield code="8">MM</subfield>
    </datafield>
    <datafield tag="952" ind1=" " ind2=" ">
      <subfield code="a">BIB_RECT</subfield>
      <subfield code="b">BIB_UASJ</subfield>
      <subfield code="d">2008-03-03</subfield>
      <subfield code="y">VD</subfield>
      <subfield code="p">04-34431</subfield>
      <subfield code="i">04-34431</subfield>
      <subfield code="g">15</subfield>
      <subfield code="o">V551.46 S446s</subfield>
      <subfield code="e">Centro de Lengua Inglesa de San Julián</subfield>
      <subfield code="8">MM</subfield>
    </datafield>
    <datafield tag="952" ind1=" " ind2=" ">
      <subfield code="a">BIB_RECT</subfield>
      <subfield code="b">BIB_UASJ</subfield>
      <subfield code="d">2008-03-03</subfield>
      <subfield code="y">VD</subfield>
      <subfield code="p">04-34432</subfield>
      <subfield code="i">04-34432</subfield>
      <subfield code="g">15</subfield>
      <subfield code="o">V551.46 S446s</subfield>
      <subfield code="e">Centro de Lengua Inglesa de San Julián</subfield>
      <subfield code="8">MM</subfield>
    </datafield>
    <datafield tag="952" ind1=" " ind2=" ">
      <subfield code="a">BIB_RECT</subfield>
      <subfield code="b">BIB_UASJ</subfield>
      <subfield code="d">2008-03-03</subfield>
      <subfield code="y">VD</subfield>
      <subfield code="p">04-34433</subfield>
      <subfield code="i">04-34433</subfield>
      <subfield code="g">15</subfield>
      <subfield code="o">V551.46 S446s</subfield>
      <subfield code="e">Centro de Lengua Inglesa de San Julián</subfield>
      <subfield code="8">MM</subfield>
    </datafield>
    <datafield tag="952" ind1=" " ind2=" ">
      <subfield code="a">BIB_RECT</subfield>
      <subfield code="b">BIB_UASJ</subfield>
      <subfield code="d">2008-03-03</subfield>
      <subfield code="y">VD</subfield>
      <subfield code="p">04-34434</subfield>
      <subfield code="i">04-34434</subfield>
      <subfield code="g">15</subfield>
      <subfield code="o">V551.46 S446s</subfield>
      <subfield code="e">Centro de Lengua Inglesa de San Julián</subfield>
      <subfield code="8">MM</subfield>
    </datafield>
    <datafield tag="952" ind1=" " ind2=" ">
      <subfield code="a">BIB_RECT</subfield>
      <subfield code="b">BIB_UASJ</subfield>
      <subfield code="d">2008-03-03</subfield>
      <subfield code="y">VD</subfield>
      <subfield code="p">04-34435</subfield>
      <subfield code="i">04-34435</subfield>
      <subfield code="g">15</subfield>
      <subfield code="o">V551.46 S446s</subfield>
      <subfield code="e">Centro de Lengua Inglesa de San Julián</subfield>
      <subfield code="8">MM</subfield>
    </datafield>
    <datafield tag="952" ind1=" " ind2=" ">
      <subfield code="a">BIB_RECT</subfield>
      <subfield code="b">BIB_UASJ</subfield>
      <subfield code="d">2008-03-03</subfield>
      <subfield code="y">VD</subfield>
      <subfield code="p">04-34436</subfield>
      <subfield code="i">04-34436</subfield>
      <subfield code="g">15</subfield>
      <subfield code="o">V551.46 S446s</subfield>
      <subfield code="e">Centro de Lengua Inglesa de San Julián</subfield>
      <subfield code="8">MM</subfield>
    </datafield>
    <datafield tag="952" ind1=" " ind2=" ">
      <subfield code="a">BIB_RECT</subfield>
      <subfield code="b">BIB_UARG</subfield>
      <subfield code="d">2006-09-20</subfield>
      <subfield code="y">VD</subfield>
      <subfield code="p">05-16085</subfield>
      <subfield code="i">05-16085</subfield>
      <subfield code="g">15</subfield>
      <subfield code="o">V551.46 S446s</subfield>
      <subfield code="e">Migración UARG</subfield>
      <subfield code="8">MM</subfield>
    </datafield>
    <datafield tag="952" ind1=" " ind2=" ">
      <subfield code="a">BIB_RECT</subfield>
      <subfield code="b">BIB_UARG</subfield>
      <subfield code="d">2006-09-20</subfield>
      <subfield code="y">VD</subfield>
      <subfield code="p">05-16086</subfield>
      <subfield code="i">05-16086</subfield>
      <subfield code="g">15</subfield>
      <subfield code="o">V551.46 S446s</subfield>
      <subfield code="e">Migración UARG</subfield>
      <subfield code="8">MM</subfield>
    </datafield>
    <datafield tag="952" ind1=" " ind2=" ">
      <subfield code="a">BIB_RECT</subfield>
      <subfield code="b">BIB_UARG</subfield>
      <subfield code="d">2006-09-20</subfield>
      <subfield code="y">VD</subfield>
      <subfield code="p">05-16087</subfield>
      <subfield code="i">05-16087</subfield>
      <subfield code="g">15</subfield>
      <subfield code="o">V551.46 S446s</subfield>
      <subfield code="e">Migración UARG</subfield>
      <subfield code="8">MM</subfield>
    </datafield>
    <datafield tag="952" ind1=" " ind2=" ">
      <subfield code="a">BIB_RECT</subfield>
      <subfield code="b">BIB_UARG</subfield>
      <subfield code="d">2006-09-20</subfield>
      <subfield code="y">VD</subfield>
      <subfield code="p">05-16088</subfield>
      <subfield code="i">05-16088</subfield>
      <subfield code="g">15</subfield>
      <subfield code="o">V551.46 S446s</subfield>
      <subfield code="e">Migración UARG</subfield>
      <subfield code="8">MM</subfield>
    </datafield>
    <datafield tag="952" ind1=" " ind2=" ">
      <subfield code="a">BIB_RECT</subfield>
      <subfield code="b">BIB_UARG</subfield>
      <subfield code="d">2006-09-20</subfield>
      <subfield code="y">VD</subfield>
      <subfield code="p">05-16089</subfield>
      <subfield code="i">05-16089</subfield>
      <subfield code="g">15</subfield>
      <subfield code="o">V551.46 S446s</subfield>
      <subfield code="e">Migración UARG</subfield>
      <subfield code="8">MM</subfield>
    </datafield>
    <datafield tag="952" ind1=" " ind2=" ">
      <subfield code="a">BIB_RECT</subfield>
      <subfield code="b">BIB_UARG</subfield>
      <subfield code="d">2006-09-20</subfield>
      <subfield code="y">VD</subfield>
      <subfield code="p">05-16090</subfield>
      <subfield code="i">05-16090</subfield>
      <subfield code="g">15</subfield>
      <subfield code="o">V551.46 S446s</subfield>
      <subfield code="e">Migración UARG</subfield>
      <subfield code="8">MM</subfield>
    </datafield>
    <datafield tag="952" ind1=" " ind2=" ">
      <subfield code="a">BIB_RECT</subfield>
      <subfield code="b">BIB_UARG</subfield>
      <subfield code="d">2006-09-20</subfield>
      <subfield code="y">VD</subfield>
      <subfield code="p">05-16091</subfield>
      <subfield code="i">05-16091</subfield>
      <subfield code="g">15</subfield>
      <subfield code="o">V551.46 S446s</subfield>
      <subfield code="e">Migración UARG</subfield>
      <subfield code="8">MM</subfield>
    </datafield>
    <datafield tag="952" ind1=" " ind2=" ">
      <subfield code="a">BIB_RECT</subfield>
      <subfield code="b">BIB_UARG</subfield>
      <subfield code="d">2006-09-20</subfield>
      <subfield code="y">VD</subfield>
      <subfield code="p">05-16092</subfield>
      <subfield code="i">05-16092</subfield>
      <subfield code="g">15</subfield>
      <subfield code="o">V551.46 S446s</subfield>
      <subfield code="e">Migración UARG</subfield>
      <subfield code="8">MM</subfield>
    </datafield>
    <datafield tag="952" ind1=" " ind2=" ">
      <subfield code="a">BIB_RECT</subfield>
      <subfield code="b">BIB_UARG</subfield>
      <subfield code="d">2006-09-20</subfield>
      <subfield code="y">VD</subfield>
      <subfield code="p">05-16093</subfield>
      <subfield code="i">05-16093</subfield>
      <subfield code="g">15</subfield>
      <subfield code="o">V551.46 S446s</subfield>
      <subfield code="e">Migración UARG</subfield>
      <subfield code="8">MM</subfield>
    </datafield>
    <datafield tag="952" ind1=" " ind2=" ">
      <subfield code="a">BIB_RECT</subfield>
      <subfield code="b">BIB_UARG</subfield>
      <subfield code="d">2006-09-20</subfield>
      <subfield code="y">VD</subfield>
      <subfield code="p">05-16094</subfield>
      <subfield code="i">05-16094</subfield>
      <subfield code="g">15</subfield>
      <subfield code="o">V551.46 S446s</subfield>
      <subfield code="e">Migración UARG</subfield>
      <subfield code="8">MM</subfield>
    </datafield>
    <datafield tag="952" ind1=" " ind2=" ">
      <subfield code="a">BIB_RECT</subfield>
      <subfield code="b">BIB_UARG</subfield>
      <subfield code="d">2006-09-20</subfield>
      <subfield code="y">VD</subfield>
      <subfield code="p">05-16095</subfield>
      <subfield code="i">05-16095</subfield>
      <subfield code="g">15</subfield>
      <subfield code="o">V551.46 S446s</subfield>
      <subfield code="e">Migración UARG</subfield>
      <subfield code="8">MM</subfield>
    </datafield>
    <datafield tag="952" ind1=" " ind2=" ">
      <subfield code="a">BIB_RECT</subfield>
      <subfield code="b">BIB_UARG</subfield>
      <subfield code="d">2006-09-20</subfield>
      <subfield code="y">VD</subfield>
      <subfield code="p">05-16096</subfield>
      <subfield code="i">05-16096</subfield>
      <subfield code="g">15</subfield>
      <subfield code="o">V551.46 S446s</subfield>
      <subfield code="e">Migración UARG</subfield>
      <subfield code="8">MM</subfield>
    </datafield>
    <datafield tag="952" ind1=" " ind2=" ">
      <subfield code="a">BIB_RECT</subfield>
      <subfield code="b">BIB_UARG</subfield>
      <subfield code="d">2006-09-20</subfield>
      <subfield code="y">VD</subfield>
      <subfield code="p">05-16097</subfield>
      <subfield code="i">05-16097</subfield>
      <subfield code="g">15</subfield>
      <subfield code="o">V551.46 S446s</subfield>
      <subfield code="e">Migración UARG</subfield>
      <subfield code="8">MM</subfield>
    </datafield>
    <datafield tag="952" ind1=" " ind2=" ">
      <subfield code="a">BIB_RECT</subfield>
      <subfield code="b">BIB_UARG</subfield>
      <subfield code="d">2006-09-20</subfield>
      <subfield code="y">VD</subfield>
      <subfield code="p">05-16098</subfield>
      <subfield code="i">05-16098</subfield>
      <subfield code="g">15</subfield>
      <subfield code="o">V551.46 S446s</subfield>
      <subfield code="e">Migración UARG</subfield>
      <subfield code="8">MM</subfield>
    </datafield>
    <datafield tag="952" ind1=" " ind2=" ">
      <subfield code="a">BIB_RECT</subfield>
      <subfield code="b">BIB_UARG</subfield>
      <subfield code="d">2006-09-20</subfield>
      <subfield code="y">VD</subfield>
      <subfield code="p">05-16099</subfield>
      <subfield code="i">05-16099</subfield>
      <subfield code="g">15</subfield>
      <subfield code="o">V551.46 S446s</subfield>
      <subfield code="e">Migración UARG</subfield>
      <subfield code="8">MM</subfield>
    </datafield>
    <datafield tag="952" ind1=" " ind2=" ">
      <subfield code="a">BIB_RECT</subfield>
      <subfield code="b">BIB_UARG</subfield>
      <subfield code="d">2006-09-20</subfield>
      <subfield code="y">VD</subfield>
      <subfield code="p">05-16100</subfield>
      <subfield code="i">05-16100</subfield>
      <subfield code="g">15</subfield>
      <subfield code="o">V551.46 S446s</subfield>
      <subfield code="e">MigraciónUARG</subfield>
      <subfield code="8">MM</subfield>
    </datafield>
    <datafield tag="952" ind1=" " ind2=" ">
      <subfield code="a">BIB_RECT</subfield>
      <subfield code="b">BIB_UARG</subfield>
      <subfield code="d">2006-09-20</subfield>
      <subfield code="y">VD</subfield>
      <subfield code="p">05-16101</subfield>
      <subfield code="i">05-16101</subfield>
      <subfield code="g">15</subfield>
      <subfield code="o">V551.46 S446s</subfield>
      <subfield code="e">MigraciónUARG</subfield>
      <subfield code="8">MM</subfield>
    </datafield>
    <datafield tag="952" ind1=" " ind2=" ">
      <subfield code="a">BIB_RECT</subfield>
      <subfield code="b">BIB_UARG</subfield>
      <subfield code="d">2006-09-20</subfield>
      <subfield code="y">VD</subfield>
      <subfield code="p">05-16102</subfield>
      <subfield code="i">05-16102</subfield>
      <subfield code="g">15</subfield>
      <subfield code="o">V551.46 S446s</subfield>
      <subfield code="e">MigraciónUARG</subfield>
      <subfield code="8">MM</subfield>
    </datafield>
    <datafield tag="952" ind1=" " ind2=" ">
      <subfield code="a">BIB_RECT</subfield>
      <subfield code="b">BIB_UARG</subfield>
      <subfield code="d">2006-09-20</subfield>
      <subfield code="y">VD</subfield>
      <subfield code="p">05-16103</subfield>
      <subfield code="i">05-16103</subfield>
      <subfield code="g">15</subfield>
      <subfield code="o">V551.46 S446s</subfield>
      <subfield code="e">MigraciónUARG</subfield>
      <subfield code="8">MM</subfield>
    </datafield>
    <datafield tag="952" ind1=" " ind2=" ">
      <subfield code="a">BIB_RECT</subfield>
      <subfield code="b">BIB_UARG</subfield>
      <subfield code="d">2006-09-20</subfield>
      <subfield code="y">VD</subfield>
      <subfield code="p">05-16104</subfield>
      <subfield code="i">05-16104</subfield>
      <subfield code="g">15</subfield>
      <subfield code="o">V551.46 S446s</subfield>
      <subfield code="e">MigraciónUARG</subfield>
      <subfield code="8">MM</subfield>
    </datafield>
    <datafield tag="952" ind1=" " ind2=" ">
      <subfield code="a">BIB_RECT</subfield>
      <subfield code="b">BIB_UARG</subfield>
      <subfield code="d">2006-09-20</subfield>
      <subfield code="y">VD</subfield>
      <subfield code="p">05-16128</subfield>
      <subfield code="i">05-16128</subfield>
      <subfield code="g">15</subfield>
      <subfield code="o">V551.46 S446s</subfield>
      <subfield code="e">MigraciónUARG</subfield>
      <subfield code="8">MM</subfield>
    </datafield>
  </record>