
  <record>
    <leader>01000aam  22002601a 4500</leader>
    <controlfield tag="001">YPZ87772</controlfield>
    <controlfield tag="003">YPZ</controlfield>
    <controlfield tag="005">200803111419250</controlfield>
    <controlfield tag="008">080311|###########||||||b||||||||||spa|d</controlfield>
    <datafield tag="040" ind1=" " ind2=" ">
      <subfield code="c">SIUNPA</subfield>
    </datafield>
    <datafield tag="041" ind1=" " ind2=" ">
      <subfield code="a">spa</subfield>
    </datafield>
    <datafield tag="044" ind1=" " ind2=" ">
      <subfield code="a">AR</subfield>
    </datafield>
    <datafield tag="080" ind1=" " ind2=" ">
      <subfield code="a">V316.77 R696p</subfield>
    </datafield>
    <datafield tag="245" ind1=" " ind2=" ">
      <subfield code="a">Las patas de la mentira 2</subfield>
      <subfield code="c"> / Rodríguez Arias, Miguel, dir.</subfield>
    </datafield>
    <datafield tag="260" ind1=" " ind2=" ">
      <subfield code="a">Buenos Aires</subfield>
      <subfield code="b"> : Noticias</subfield>
      <subfield code="c"> , [1993]</subfield>
    </datafield>
    <datafield tag="650" ind1=" " ind2=" ">
      <subfield code="a"> TELEVISION ARGENTINA</subfield>
    </datafield>
    <datafield tag="650" ind1=" " ind2=" ">
      <subfield code="a"> ANALISIS DEL DISCURSO</subfield>
    </datafield>
    <datafield tag="650" ind1=" " ind2=" ">
      <subfield code="a"> PROGRAMAS DE TELEVISION</subfield>
    </datafield>
    <datafield tag="942" ind1=" " ind2=" ">
      <subfield code="c">VD</subfield>
    </datafield>
    <datafield tag="952" ind1=" " ind2=" ">
      <subfield code="a">BIB_RECT</subfield>
      <subfield code="b">BIB_UASJ</subfield>
      <subfield code="d">2008-02-29</subfield>
      <subfield code="y">VD</subfield>
      <subfield code="p">04-34451</subfield>
      <subfield code="i">04-34451</subfield>
      <subfield code="g">25</subfield>
      <subfield code="o">V316.77 R696p</subfield>
      <subfield code="e">Centro de Lengua Inglesa de San Julián</subfield>
      <subfield code="8">MM</subfield>
    </datafield>
  </record>