
  <record>
    <leader>01000aam  22002601a 4500</leader>
    <controlfield tag="001">YPZ88734</controlfield>
    <controlfield tag="003">YPZ</controlfield>
    <controlfield tag="005">200805231521010</controlfield>
    <controlfield tag="008">080523|###########||||||b||||||||||spa|d</controlfield>
    <datafield tag="040" ind1=" " ind2=" ">
      <subfield code="c">SIUNPA</subfield>
    </datafield>
    <datafield tag="041" ind1=" " ind2=" ">
      <subfield code="a">spa</subfield>
    </datafield>
    <datafield tag="044" ind1=" " ind2=" ">
      <subfield code="a">AR</subfield>
    </datafield>
    <datafield tag="080" ind1=" " ind2=" ">
      <subfield code="a">V612.2 C735c</subfield>
    </datafield>
    <datafield tag="245" ind1=" " ind2=" ">
      <subfield code="a">Como funcionan juntos los sistemas del cuerpo humano</subfield>
      <subfield code="b"> : el sistema respiratorio</subfield>
    </datafield>
    <datafield tag="260" ind1=" " ind2=" ">
      <subfield code="a">Buenos Aires</subfield>
      <subfield code="b"> : Programas Santa Clara</subfield>
      <subfield code="c"> , [199-?]</subfield>
    </datafield>
    <datafield tag="650" ind1=" " ind2=" ">
      <subfield code="a"> SISTEMA RESPIRATORIO</subfield>
    </datafield>
    <datafield tag="942" ind1=" " ind2=" ">
      <subfield code="c">VD</subfield>
    </datafield>
    <datafield tag="952" ind1=" " ind2=" ">
      <subfield code="a">BIB_RECT</subfield>
      <subfield code="b">BIB_UACO</subfield>
      <subfield code="d">2008-05-23</subfield>
      <subfield code="y">VD</subfield>
      <subfield code="p">02-06208</subfield>
      <subfield code="i">02-06208</subfield>
      <subfield code="g">44</subfield>
      <subfield code="o">V612.2 C735c</subfield>
      <subfield code="e">Desconocido</subfield>
      <subfield code="8">MM</subfield>
    </datafield>
    <datafield tag="952" ind1=" " ind2=" ">
      <subfield code="a">BIB_RECT</subfield>
      <subfield code="b">BIB_UARG</subfield>
      <subfield code="d">2006-12-20</subfield>
      <subfield code="y">VD</subfield>
      <subfield code="p">05-15915</subfield>
      <subfield code="i">05-15915</subfield>
      <subfield code="g">44</subfield>
      <subfield code="o">V612.2 C735c</subfield>
      <subfield code="e">Migración UARG</subfield>
      <subfield code="8">MM</subfield>
    </datafield>
  </record>