
  <record>
    <leader>01000aam  22002601a 4500</leader>
    <controlfield tag="001">YPZ88750</controlfield>
    <controlfield tag="003">YPZ</controlfield>
    <controlfield tag="005">200805261248400</controlfield>
    <controlfield tag="008">080526|###########||||||b||||||||||spa|d</controlfield>
    <datafield tag="040" ind1=" " ind2=" ">
      <subfield code="c">SIUNPA</subfield>
    </datafield>
    <datafield tag="041" ind1=" " ind2=" ">
      <subfield code="a">spa</subfield>
    </datafield>
    <datafield tag="044" ind1=" " ind2=" ">
      <subfield code="a">AR</subfield>
    </datafield>
    <datafield tag="080" ind1=" " ind2=" ">
      <subfield code="a">V630*2 B744b</subfield>
    </datafield>
    <datafield tag="245" ind1=" " ind2=" ">
      <subfield code="a">Bosque. Bosque lluvioso tropical</subfield>
    </datafield>
    <datafield tag="260" ind1=" " ind2=" ">
      <subfield code="a">Buenos Aires</subfield>
      <subfield code="b"> : Educable</subfield>
      <subfield code="c"> , 1989</subfield>
    </datafield>
    <datafield tag="650" ind1=" " ind2=" ">
      <subfield code="a"> BOSQUE</subfield>
    </datafield>
    <datafield tag="650" ind1=" " ind2=" ">
      <subfield code="a"> TROPICOS HUMEDOS</subfield>
    </datafield>
    <datafield tag="942" ind1=" " ind2=" ">
      <subfield code="c">VD</subfield>
    </datafield>
    <datafield tag="952" ind1=" " ind2=" ">
      <subfield code="a">BIB_RECT</subfield>
      <subfield code="b">BIB_UACO</subfield>
      <subfield code="d">2008-05-26</subfield>
      <subfield code="y">VD</subfield>
      <subfield code="p">02-06204</subfield>
      <subfield code="i">02-06204</subfield>
      <subfield code="g">44</subfield>
      <subfield code="o">V630*2 B744b</subfield>
      <subfield code="e">DESCONOCIDO</subfield>
      <subfield code="8">MM</subfield>
    </datafield>
  </record>