
  <record>
    <leader>01000aam  22002601a 4500</leader>
    <controlfield tag="001">YPZ88854</controlfield>
    <controlfield tag="003">YPZ</controlfield>
    <controlfield tag="005">200806051402330</controlfield>
    <controlfield tag="008">080605|###########||||||b||||||||||spa|d</controlfield>
    <datafield tag="040" ind1=" " ind2=" ">
      <subfield code="c">SIUNPA</subfield>
    </datafield>
    <datafield tag="041" ind1=" " ind2=" ">
      <subfield code="a">eng</subfield>
    </datafield>
    <datafield tag="044" ind1=" " ind2=" ">
      <subfield code="a">AR</subfield>
    </datafield>
    <datafield tag="080" ind1=" " ind2=" ">
      <subfield code="a">V94(82) S487e</subfield>
    </datafield>
    <datafield tag="245" ind1=" " ind2=" ">
      <subfield code="a">Evita</subfield>
      <subfield code="b"> : una mujer, un mito</subfield>
      <subfield code="c"> / Serrano, Carlos Luis, guión y dir.</subfield>
    </datafield>
    <datafield tag="260" ind1=" " ind2=" ">
      <subfield code="a">Buenos Aires</subfield>
      <subfield code="b"> : S.A.V. Argentina</subfield>
      <subfield code="c"> , 1995</subfield>
    </datafield>
    <datafield tag="440" ind1=" " ind2=" ">
      <subfield code="a">Videoteca Educable</subfield>
      <subfield code="a">Videoteca Educable</subfield>
      <subfield code="a">Videoteca Educable</subfield>
      <subfield code="a">Videoteca Educable</subfield>
      <subfield code="a">Videoteca Educable</subfield>
      <subfield code="a">Videoteca Educable</subfield>
      <subfield code="a">Videoteca Educable</subfield>
      <subfield code="a">Videoteca Educable</subfield>
      <subfield code="a">Videoteca Educable</subfield>
      <subfield code="a">Videoteca Educable</subfield>
      <subfield code="a">Videoteca Educable</subfield>
      <subfield code="a">Videoteca Educable</subfield>
      <subfield code="a">Videoteca Educable</subfield>
      <subfield code="a">Videoteca Educable</subfield>
      <subfield code="a">Videoteca Educable</subfield>
      <subfield code="a">Videoteca Educable</subfield>
      <subfield code="a">Videoteca Educable</subfield>
      <subfield code="a">Videoteca Educable</subfield>
      <subfield code="a">Videoteca Educable</subfield>
      <subfield code="a">Videoteca Educable</subfield>
      <subfield code="a">Videoteca Educable</subfield>
      <subfield code="a">Videoteca Educable</subfield>
      <subfield code="a">Videoteca Educable</subfield>
      <subfield code="a">Videoteca Educable</subfield>
      <subfield code="a">Videoteca Educable</subfield>
      <subfield code="a">Videoteca Educable</subfield>
      <subfield code="a">Videoteca Educable</subfield>
      <subfield code="a">Videoteca Educable</subfield>
      <subfield code="a">Videoteca Educable</subfield>
      <subfield code="a">Imágenes de nuestro siglo. Historia contemporánea</subfield>
      <subfield code="v">4</subfield>
    </datafield>
    <datafield tag="490" ind1=" " ind2=" ">
      <subfield code="a">Videoteca Educable</subfield>
      <subfield code="a">Videoteca Educable</subfield>
      <subfield code="a">Videoteca Educable</subfield>
      <subfield code="a">Videoteca Educable</subfield>
      <subfield code="a">Videoteca Educable</subfield>
      <subfield code="a">Videoteca Educable</subfield>
      <subfield code="a">Videoteca Educable</subfield>
      <subfield code="a">Videoteca Educable</subfield>
      <subfield code="a">Videoteca Educable</subfield>
      <subfield code="a">Videoteca Educable</subfield>
      <subfield code="a">Videoteca Educable</subfield>
      <subfield code="a">Videoteca Educable</subfield>
      <subfield code="a">Videoteca Educable</subfield>
      <subfield code="a">Videoteca Educable</subfield>
      <subfield code="a">Videoteca Educable</subfield>
      <subfield code="a">Videoteca Educable</subfield>
      <subfield code="a">Videoteca Educable</subfield>
      <subfield code="a">Videoteca Educable</subfield>
      <subfield code="a">Videoteca Educable</subfield>
      <subfield code="a">Videoteca Educable</subfield>
      <subfield code="a">Videoteca Educable</subfield>
      <subfield code="a">Videoteca Educable</subfield>
      <subfield code="a">Videoteca Educable</subfield>
      <subfield code="a">Videoteca Educable</subfield>
      <subfield code="a">Videoteca Educable</subfield>
      <subfield code="a">Videoteca Educable</subfield>
      <subfield code="a">Videoteca Educable</subfield>
      <subfield code="a">Videoteca Educable</subfield>
      <subfield code="a">Videoteca Educable</subfield>
      <subfield code="a">Imágenes de nuestro siglo. Historia contemporánea</subfield>
      <subfield code="v">4</subfield>
    </datafield>
    <datafield tag="500" ind1=" " ind2=" ">
      <subfield code="a">Apta para todo público - Niveles: Secundario/Terciario</subfield>
    </datafield>
    <datafield tag="650" ind1=" " ind2=" ">
      <subfield code="a"> HISTORIA ARGENTINA</subfield>
    </datafield>
    <datafield tag="650" ind1=" " ind2=" ">
      <subfield code="a"> PERONISMO </subfield>
    </datafield>
    <datafield tag="650" ind1=" " ind2=" ">
      <subfield code="a"> SIGLO XX</subfield>
    </datafield>
    <datafield tag="650" ind1=" " ind2=" ">
      <subfield code="a"> PARTICIPACION DE LA MUJER</subfield>
    </datafield>
    <datafield tag="650" ind1=" " ind2=" ">
      <subfield code="a"> MUJER EN LA VIDA POLITICA </subfield>
    </datafield>
    <datafield tag="650" ind1=" " ind2=" ">
      <subfield code="a"> ESTUDIOS DE GENERO</subfield>
    </datafield>
    <datafield tag="650" ind1=" " ind2=" ">
      <subfield code="a"> PERON, MARIA EVA DE DUARTE (1919</subfield>
    </datafield>
    <datafield tag="650" ind1=" " ind2=" ">
      <subfield code="a">1952)</subfield>
    </datafield>
    <datafield tag="942" ind1=" " ind2=" ">
      <subfield code="c">VD</subfield>
    </datafield>
    <datafield tag="952" ind1=" " ind2=" ">
      <subfield code="a">BIB_RECT</subfield>
      <subfield code="b">BIB_UACO</subfield>
      <subfield code="d">2008-06-04</subfield>
      <subfield code="y">VD</subfield>
      <subfield code="p">02-06257</subfield>
      <subfield code="i">02-06257</subfield>
      <subfield code="g">46</subfield>
      <subfield code="o">V94(82) S487e</subfield>
      <subfield code="e">Desconocido</subfield>
      <subfield code="8">MM</subfield>
    </datafield>
  </record>