
  <record>
    <leader>01000aam  22002601a 4500</leader>
    <controlfield tag="001">YPZ88940</controlfield>
    <controlfield tag="003">YPZ</controlfield>
    <controlfield tag="005">200806171401140</controlfield>
    <controlfield tag="008">080617|###########||||||b||||||||||spa|d</controlfield>
    <datafield tag="040" ind1=" " ind2=" ">
      <subfield code="c">SIUNPA</subfield>
    </datafield>
    <datafield tag="041" ind1=" " ind2=" ">
      <subfield code="a">spa</subfield>
    </datafield>
    <datafield tag="044" ind1=" " ind2=" ">
      <subfield code="a">AR</subfield>
    </datafield>
    <datafield tag="080" ind1=" " ind2=" ">
      <subfield code="a">V94(44) R454r</subfield>
    </datafield>
    <datafield tag="245" ind1=" " ind2=" ">
      <subfield code="a">La revolución francesa</subfield>
    </datafield>
    <datafield tag="260" ind1=" " ind2=" ">
      <subfield code="a">Buenos Aires</subfield>
      <subfield code="b"> : Educable</subfield>
      <subfield code="c"> , [199-?]</subfield>
    </datafield>
    <datafield tag="505" ind1=" " ind2=" ">
      <subfield code="a">1. El reinado del terror - 2. La toma de la Bastilla</subfield>
    </datafield>
    <datafield tag="650" ind1=" " ind2=" ">
      <subfield code="a"> REVOLUCION FRANCESA</subfield>
    </datafield>
    <datafield tag="650" ind1=" " ind2=" ">
      <subfield code="a"> HISTORIA CONTEMPORANEA</subfield>
    </datafield>
    <datafield tag="650" ind1=" " ind2=" ">
      <subfield code="a"> HISTORIA DE FRANCIA</subfield>
    </datafield>
    <datafield tag="650" ind1=" " ind2=" ">
      <subfield code="a"> SIGLO XVIII</subfield>
    </datafield>
    <datafield tag="942" ind1=" " ind2=" ">
      <subfield code="c">VD</subfield>
    </datafield>
    <datafield tag="952" ind1=" " ind2=" ">
      <subfield code="a">BIB_RECT</subfield>
      <subfield code="b">BIB_UACO</subfield>
      <subfield code="d">2012-08-15</subfield>
      <subfield code="y">VD</subfield>
      <subfield code="p">02-06886</subfield>
      <subfield code="i">02-06886</subfield>
      <subfield code="g">44</subfield>
      <subfield code="o">V94(44) R454r</subfield>
      <subfield code="e">Desconocido</subfield>
      <subfield code="8">MM</subfield>
    </datafield>
    <datafield tag="952" ind1=" " ind2=" ">
      <subfield code="a">BIB_RECT</subfield>
      <subfield code="b">BIB_UART</subfield>
      <subfield code="d">2008-06-17</subfield>
      <subfield code="y">VD</subfield>
      <subfield code="p">03-01691</subfield>
      <subfield code="i">03-01691</subfield>
      <subfield code="g">44</subfield>
      <subfield code="o">V94(44) R454r</subfield>
      <subfield code="e">Migración UART</subfield>
      <subfield code="8">MM</subfield>
    </datafield>
    <datafield tag="952" ind1=" " ind2=" ">
      <subfield code="a">BIB_RECT</subfield>
      <subfield code="b">BIB_UARG</subfield>
      <subfield code="d">2008-06-11</subfield>
      <subfield code="y">VD</subfield>
      <subfield code="p">05-13778</subfield>
      <subfield code="i">05-13778</subfield>
      <subfield code="g">44</subfield>
      <subfield code="o">V94(44) R454r</subfield>
      <subfield code="e">Desconocido</subfield>
      <subfield code="8">MM</subfield>
    </datafield>
    <datafield tag="952" ind1=" " ind2=" ">
      <subfield code="a">BIB_RECT</subfield>
      <subfield code="b">BIB_UARG</subfield>
      <subfield code="d">2008-06-11</subfield>
      <subfield code="y">VD</subfield>
      <subfield code="p">05-13939</subfield>
      <subfield code="i">05-13939</subfield>
      <subfield code="g">44</subfield>
      <subfield code="o">V94(44) R454r</subfield>
      <subfield code="e">Desconocido</subfield>
      <subfield code="8">MM</subfield>
    </datafield>
    <datafield tag="952" ind1=" " ind2=" ">
      <subfield code="a">BIB_RECT</subfield>
      <subfield code="b">BIB_UARG</subfield>
      <subfield code="d">2008-06-11</subfield>
      <subfield code="y">VD</subfield>
      <subfield code="p">05-13957</subfield>
      <subfield code="i">05-13957</subfield>
      <subfield code="g">44</subfield>
      <subfield code="o">V94(44) R454r</subfield>
      <subfield code="e">Desconocido</subfield>
      <subfield code="8">MM</subfield>
    </datafield>
  </record>