
  <record>
    <leader>01000aam  22002601a 4500</leader>
    <controlfield tag="001">YPZ88941</controlfield>
    <controlfield tag="003">YPZ</controlfield>
    <controlfield tag="005">200806171458030</controlfield>
    <controlfield tag="008">080617|###########||||||b||||||||||spa|d</controlfield>
    <datafield tag="040" ind1=" " ind2=" ">
      <subfield code="c">SIUNPA</subfield>
    </datafield>
    <datafield tag="041" ind1=" " ind2=" ">
      <subfield code="a">spa</subfield>
    </datafield>
    <datafield tag="044" ind1=" " ind2=" ">
      <subfield code="a">AR</subfield>
    </datafield>
    <datafield tag="080" ind1=" " ind2=" ">
      <subfield code="a">630*2 C737c 2007</subfield>
    </datafield>
    <datafield tag="245" ind1=" " ind2=" ">
      <subfield code="a">Compendio de publicaciones 1993-2007. Área de investigación forestal y silvopastoril</subfield>
      <subfield code="c"> / Peri, Pablo Luis, comp.</subfield>
    </datafield>
    <datafield tag="260" ind1=" " ind2=" ">
      <subfield code="a">Río Gallegos</subfield>
      <subfield code="b"> : Universidad Nacional de la Patagonia Austral, UNPA</subfield>
      <subfield code="b"> : EEA Santa Cruz, INTA</subfield>
      <subfield code="c"> , [2008?]</subfield>
    </datafield>
    <datafield tag="505" ind1=" " ind2=" ">
      <subfield code="a">Contiene: 229 publicaciones organizadas en cinco grupos: 1. Bosque nativo - 2. Bosque implantado - 3. Sistemas silvopastoriles - 4. Arbustos y cultivos - 5. Pasturas y pastizales</subfield>
    </datafield>
    <datafield tag="650" ind1=" " ind2=" ">
      <subfield code="a"> RECURSOS FORESTALES  BIODIVERSIDAD</subfield>
    </datafield>
    <datafield tag="650" ind1=" " ind2=" ">
      <subfield code="a"> BOSQUES </subfield>
    </datafield>
    <datafield tag="650" ind1=" " ind2=" ">
      <subfield code="a"> BIOMETRIA</subfield>
    </datafield>
    <datafield tag="650" ind1=" " ind2=" ">
      <subfield code="a"> NOTHOFAGUS PUMILIO </subfield>
    </datafield>
    <datafield tag="650" ind1=" " ind2=" ">
      <subfield code="a"> SILVICULTURA</subfield>
    </datafield>
    <datafield tag="650" ind1=" " ind2=" ">
      <subfield code="a"> REGION PATAGONICA </subfield>
    </datafield>
    <datafield tag="650" ind1=" " ind2=" ">
      <subfield code="a"> TIERRA DEL FUEGO (ARGENTINA)</subfield>
    </datafield>
    <datafield tag="650" ind1=" " ind2=" ">
      <subfield code="a"> SANTA CRUZ (ARGENTINA)</subfield>
    </datafield>
    <datafield tag="942" ind1=" " ind2=" ">
      <subfield code="c">VD</subfield>
    </datafield>
    <datafield tag="952" ind1=" " ind2=" ">
      <subfield code="a">BIB_RECT</subfield>
      <subfield code="b">BIB_UACO</subfield>
      <subfield code="d">2008-10-17</subfield>
      <subfield code="y">VD</subfield>
      <subfield code="p">02-36414</subfield>
      <subfield code="i">02-36414</subfield>
      <subfield code="g">40</subfield>
      <subfield code="o">630*2 C737c 2007</subfield>
      <subfield code="e">Desconocido</subfield>
      <subfield code="8">MM</subfield>
    </datafield>
    <datafield tag="952" ind1=" " ind2=" ">
      <subfield code="a">BIB_RECT</subfield>
      <subfield code="b">BIB_UASJ</subfield>
      <subfield code="d">2008-06-06</subfield>
      <subfield code="y">VD</subfield>
      <subfield code="p">04-35875</subfield>
      <subfield code="i">04-35875</subfield>
      <subfield code="g">40</subfield>
      <subfield code="o">630*2 C737c 2007</subfield>
      <subfield code="e">Donación</subfield>
      <subfield code="8">MM</subfield>
    </datafield>
    <datafield tag="952" ind1=" " ind2=" ">
      <subfield code="a">BIB_RECT</subfield>
      <subfield code="b">BIB_UARG</subfield>
      <subfield code="d">2008-06-17</subfield>
      <subfield code="y">VD</subfield>
      <subfield code="p">05-36086</subfield>
      <subfield code="i">05-36086</subfield>
      <subfield code="g">40</subfield>
      <subfield code="o">630*2 C737c 2007</subfield>
      <subfield code="e">Donación Peri, Pablo</subfield>
      <subfield code="8">MM</subfield>
    </datafield>
  </record>