
  <record>
    <leader>01000aam  22002601a 4500</leader>
    <controlfield tag="001">YPZ90285</controlfield>
    <controlfield tag="003">YPZ</controlfield>
    <controlfield tag="005">200811141200520</controlfield>
    <controlfield tag="008">081114|###########||||||b||||||||||spa|d</controlfield>
    <datafield tag="040" ind1=" " ind2=" ">
      <subfield code="c">SIUNPA</subfield>
    </datafield>
    <datafield tag="041" ind1=" " ind2=" ">
      <subfield code="a">spa</subfield>
    </datafield>
    <datafield tag="044" ind1=" " ind2=" ">
      <subfield code="a">AR</subfield>
    </datafield>
    <datafield tag="080" ind1=" " ind2=" ">
      <subfield code="a">V78.085.321 D441u</subfield>
    </datafield>
    <datafield tag="245" ind1=" " ind2=" ">
      <subfield code="a">El último tango</subfield>
      <subfield code="c"> / Desaloms, Daniel, dir.</subfield>
    </datafield>
    <datafield tag="260" ind1=" " ind2=" ">
      <subfield code="a">Buenos Aires</subfield>
      <subfield code="b"> : Blakman</subfield>
      <subfield code="c"> , [1994?]</subfield>
    </datafield>
    <datafield tag="440" ind1=" " ind2=" ">
      <subfield code="a">Videopedia ciencias</subfield>
      <subfield code="a">Videopedia temas empresariales</subfield>
      <subfield code="a">Gestión video de actualización</subfield>
      <subfield code="a">Video Saber Aula. La educación del 2000</subfield>
      <subfield code="a">Videoteca Educable</subfield>
      <subfield code="a">Videoteca Educable</subfield>
      <subfield code="a">Videoteca Educable</subfield>
      <subfield code="a">Videoteca Educable</subfield>
      <subfield code="a">Videoteca Educable</subfield>
      <subfield code="a">Videoteca Educable</subfield>
      <subfield code="a">Videoteca Educable</subfield>
      <subfield code="a">Videoteca Educable</subfield>
      <subfield code="a">Colección los temas de nuestro tiempo</subfield>
      <subfield code="v">23</subfield>
    </datafield>
    <datafield tag="490" ind1=" " ind2=" ">
      <subfield code="a">Videopedia ciencias</subfield>
      <subfield code="a">Videopedia temas empresariales</subfield>
      <subfield code="a">Gestión video de actualización</subfield>
      <subfield code="a">Video Saber Aula. La educación del 2000</subfield>
      <subfield code="a">Videoteca Educable</subfield>
      <subfield code="a">Videoteca Educable</subfield>
      <subfield code="a">Videoteca Educable</subfield>
      <subfield code="a">Videoteca Educable</subfield>
      <subfield code="a">Videoteca Educable</subfield>
      <subfield code="a">Videoteca Educable</subfield>
      <subfield code="a">Videoteca Educable</subfield>
      <subfield code="a">Videoteca Educable</subfield>
      <subfield code="a">Colección los temas de nuestro tiempo</subfield>
      <subfield code="v">23</subfield>
    </datafield>
    <datafield tag="500" ind1=" " ind2=" ">
      <subfield code="a">Asistente: Marco Carnevale</subfield>
    </datafield>
    <datafield tag="500" ind1=" " ind2=" ">
      <subfield code="a">Producción: Mariel Ballester, Laura Feldguer</subfield>
    </datafield>
    <datafield tag="650" ind1=" " ind2=" ">
      <subfield code="a"> TANGO</subfield>
    </datafield>
    <datafield tag="650" ind1=" " ind2=" ">
      <subfield code="a"> DOCUMENTAL</subfield>
    </datafield>
    <datafield tag="942" ind1=" " ind2=" ">
      <subfield code="c">VD</subfield>
    </datafield>
    <datafield tag="952" ind1=" " ind2=" ">
      <subfield code="a">BIB_RECT</subfield>
      <subfield code="b">BIB_UACO</subfield>
      <subfield code="d">2008-11-14</subfield>
      <subfield code="y">VD</subfield>
      <subfield code="p">02-06220</subfield>
      <subfield code="i">02-06220</subfield>
      <subfield code="g">45</subfield>
      <subfield code="o">V78.085.321 D441u</subfield>
      <subfield code="e">Desconocido</subfield>
      <subfield code="8">MM</subfield>
    </datafield>
  </record>