
  <record>
    <leader>01000aam  22002601a 4500</leader>
    <controlfield tag="001">YPZ90314</controlfield>
    <controlfield tag="003">YPZ</controlfield>
    <controlfield tag="005">200811181536190</controlfield>
    <controlfield tag="008">081118|###########||||||b||||||||||spa|d</controlfield>
    <datafield tag="040" ind1=" " ind2=" ">
      <subfield code="c">SIUNPA</subfield>
    </datafield>
    <datafield tag="041" ind1=" " ind2=" ">
      <subfield code="a">spa</subfield>
    </datafield>
    <datafield tag="044" ind1=" " ind2=" ">
      <subfield code="a">AR</subfield>
    </datafield>
    <datafield tag="080" ind1=" " ind2=" ">
      <subfield code="a">V37(82)(091) A539r</subfield>
    </datafield>
    <datafield tag="245" ind1=" " ind2=" ">
      <subfield code="a">Regístrese, comuníquese y archívese</subfield>
      <subfield code="c"> / Anchart, Nora, idea, guión y dir.</subfield>
    </datafield>
    <datafield tag="260" ind1=" " ind2=" ">
      <subfield code="a">Buenos Aires</subfield>
      <subfield code="b"> : Blakman</subfield>
      <subfield code="c"> , [199?]</subfield>
    </datafield>
    <datafield tag="300" ind1=" " ind2=" ">
      <subfield code="a">Videocasette. Duración: 28 minutos : </subfield>
      <subfield code="a">Videocasette. Duración: 30 minutos : </subfield>
      <subfield code="a">Videocasette : </subfield>
      <subfield code="a">Videocasette : </subfield>
      <subfield code="a">Videocasette : </subfield>
      <subfield code="a">Videocasette : </subfield>
      <subfield code="a">Videocasette : </subfield>
      <subfield code="a">Color ; 101 minutos : </subfield>
      <subfield code="a">112 minutos : </subfield>
      <subfield code="a">30 m' cada volúmen : </subfield>
      <subfield code="a">Videocasette : </subfield>
      <subfield code="a">Videocasette : </subfield>
      <subfield code="a">Videocasette : </subfield>
      <subfield code="a">Videocasette : </subfield>
      <subfield code="a">Videocasette : </subfield>
      <subfield code="a">Videocasette : </subfield>
      <subfield code="a">1 DVD : </subfield>
      <subfield code="b">il., son., col. ; </subfield>
      <subfield code="a">1 DVD (ca. 60 min.) : </subfield>
      <subfield code="b">son., col. ; </subfield>
      <subfield code="a">1 videocasete (VHS) (ca. 75 min.) : </subfield>
      <subfield code="b">son., col. ; </subfield>
      <subfield code="a">1 DVD (ca. 60 min.) : </subfield>
      <subfield code="b">son., col. ; </subfield>
      <subfield code="a">1 videocasete (VHS) (ca. 127 min.) : </subfield>
      <subfield code="b">son., col. ; </subfield>
      <subfield code="a">1 DVD (ca. 128 min.) : </subfield>
      <subfield code="b">son., col. ; </subfield>
      <subfield code="a">1 DVD : </subfield>
      <subfield code="a">1 videocasete (VHS) (89 min.) : </subfield>
      <subfield code="b">son., col. ; </subfield>
      <subfield code="a">1 videocasete (VHS) (107 min.) : </subfield>
      <subfield code="b">son., col. ; </subfield>
      <subfield code="a">1 DVD (126 min.) : </subfield>
      <subfield code="b">son., col. ; </subfield>
      <subfield code="a">1 videocasete (ca. 30 min.) : </subfield>
      <subfield code="b">son., col. ; </subfield>
      <subfield code="a">1 videocasete (ca. 30 min.) : </subfield>
      <subfield code="b">son., col. ; </subfield>
      <subfield code="a">1 videocasete (VHS) (ca. 30 min.) : </subfield>
      <subfield code="b">son., col. ; </subfield>
      <subfield code="a">1 videocasete (VHS) (30 min.) : </subfield>
      <subfield code="b">son., col. ; </subfield>
      <subfield code="a">1 videocasete (VHS) (ca. 54 min.) : </subfield>
      <subfield code="b">son., col. ; </subfield>
      <subfield code="a">1 videocasete (VHS) (109 min.) : </subfield>
      <subfield code="b">son., col. ; </subfield>
      <subfield code="a">1 videocasete (VHS) (ca120 min.) : </subfield>
      <subfield code="b">son., col. ; </subfield>
      <subfield code="a">12 videocasete (VHS) (ca. 58 min. cada uno) : </subfield>
      <subfield code="b">son., col. ; </subfield>
      <subfield code="a">1 videocasete (VHS) (ca. 40 min.) : </subfield>
      <subfield code="b">son., col. ; </subfield>
      <subfield code="a">1 videocasete (VHS) (41 m.) : </subfield>
      <subfield code="b">son. col. ; </subfield>
      <subfield code="a">1 videocasete (VHS) (80 min.) : </subfield>
      <subfield code="b">son., col. ; </subfield>
      <subfield code="a">1 videocasete (VHS) (40 min.) : </subfield>
      <subfield code="b">son., col. ; </subfield>
      <subfield code="a">1 videocasete (VHS) (120 min.) : </subfield>
      <subfield code="b">son., col. ; </subfield>
      <subfield code="a">1 videocasete (116 min.) : </subfield>
      <subfield code="b">son., col. ; </subfield>
      <subfield code="a">1 videocasete (VHS) (130 min.) : </subfield>
      <subfield code="b">son., col. ; </subfield>
      <subfield code="a">1 videocasete (104 min.) : </subfield>
      <subfield code="b">son., col. ; </subfield>
      <subfield code="a">1 videocasete (30 min.) : </subfield>
      <subfield code="b">son., col. ; </subfield>
      <subfield code="a">1 videocasete (VHS) (130 min.) : </subfield>
      <subfield code="b">son., col. ; </subfield>
      <subfield code="a">videocasetes (VHS) (45 min. cada uno) : </subfield>
      <subfield code="b">son., color. ; </subfield>
      <subfield code="a">1 videocasete (VHS) (25 min.) : </subfield>
      <subfield code="b">son., col. ; </subfield>
      <subfield code="a">1 videocasete (VHS) (25 min.) : </subfield>
      <subfield code="b">son., col. ; </subfield>
      <subfield code="a">1 videocasete (VHS) (120 min.) : </subfield>
      <subfield code="b">son., color. ; </subfield>
      <subfield code="a">1 videocasete (VHS) (38 min.) : </subfield>
      <subfield code="b">son., col. ; </subfield>
      <subfield code="a">1 videocasete (VHS) (ca. 25 min.) : </subfield>
      <subfield code="b">son., col. ; </subfield>
      <subfield code="a">1 videocasete (VHS) (ca. 25 min.) : </subfield>
      <subfield code="b">son., col. ; </subfield>
      <subfield code="a">3 videocasetes (VHS) (ca. 24 min. cada uno) : </subfield>
      <subfield code="b">son., col. ; </subfield>
      <subfield code="a">1 videocasete (VHS) (ca. 26 min.) : </subfield>
      <subfield code="b">son., col. ; </subfield>
      <subfield code="a">1 videocasete (VHS) (ca. 24 min.) : </subfield>
      <subfield code="b">son., col. ; </subfield>
      <subfield code="a">1 videocasete (VHS) (ca. 34 min.) : </subfield>
      <subfield code="b">son., col. ; </subfield>
      <subfield code="a">1 videocasete (VHS) (ca. 28 min.) : </subfield>
      <subfield code="b">son., col. ; </subfield>
      <subfield code="a">1 videocasete (VHS) (ca. 24 min.) : </subfield>
      <subfield code="b">son., col. ; </subfield>
      <subfield code="a">1 videocasete (VHS) (ca. 32 min.) : </subfield>
      <subfield code="b">son., col. ; </subfield>
      <subfield code="a">1 videocasete (VHS) (ca. 24 min.) : </subfield>
      <subfield code="b">son., col. ; </subfield>
      <subfield code="a">1 videocasete (VHS) (ca. 28 min.) : </subfield>
      <subfield code="b">son., col. ; </subfield>
      <subfield code="a">1 videocasete (VHS) (ca. 28 min.) : </subfield>
      <subfield code="b">son., col. ; </subfield>
      <subfield code="a">1 videocasete (VHS) (ca. 24 min.) : </subfield>
      <subfield code="b">son., col. ; </subfield>
      <subfield code="a">1 videocasete (VHS) (ca. 24 min.) : </subfield>
      <subfield code="b">son., col. ; </subfield>
      <subfield code="a">1 videocasete (VHS) (ca. 24 min.) : </subfield>
      <subfield code="b">son., col. ; </subfield>
      <subfield code="a">1 videocasete (VHS) (ca. 24 min.) : </subfield>
      <subfield code="b">son., col. ; </subfield>
      <subfield code="a">1 videocasete (VHS) (ca. 24 min.) : </subfield>
      <subfield code="b">son., col. ; </subfield>
      <subfield code="a">1 videocasete (VHS) (ca. 24 min.) : </subfield>
      <subfield code="b">son., col. ; </subfield>
      <subfield code="a">1 videocasete (VHS) (ca. 32 min.) : </subfield>
      <subfield code="b">son., col. ; </subfield>
      <subfield code="a">1 videocasete (VHS) (ca. 215min.) : </subfield>
      <subfield code="b">son., col. ; </subfield>
      <subfield code="a">1 videocasete (VHS) (ca. 24 min.) : </subfield>
      <subfield code="b">son., col. ; </subfield>
      <subfield code="a">1 videocasete (VHS) (ca. 28 min.) : </subfield>
      <subfield code="b">son., col. ; </subfield>
      <subfield code="a">1 videocasete (VHS) (ca. 29 min.) : </subfield>
      <subfield code="b">son., col. ; </subfield>
      <subfield code="a">1 videocasete (VHS) (ca. 29 min.) : </subfield>
      <subfield code="b">son., col. ; </subfield>
      <subfield code="a">1 videocasete (VHS) (ca. 10 min.) : </subfield>
      <subfield code="b">son., col. ; </subfield>
      <subfield code="a">1 videocasete (VHS) (ca. 22 min.) : </subfield>
      <subfield code="b">son., col. ; </subfield>
      <subfield code="a">1 videocasete (VHS) (ca. 17 min.) : </subfield>
      <subfield code="b">son., col. ; </subfield>
      <subfield code="a">1 videocasete (VHS) (ca. 24 min.) : </subfield>
      <subfield code="b">son., col. ; </subfield>
      <subfield code="a">1 videocasete (VHS) (75 min.) : </subfield>
      <subfield code="b">son., col. ; </subfield>
      <subfield code="a">1 videocasete (VHS) (32 min.) : </subfield>
      <subfield code="b">son., col. ; </subfield>
      <subfield code="a">1 videocasete (VHS) (39 min.) : </subfield>
      <subfield code="b">son., byn ; </subfield>
      <subfield code="a">1 videocasete (VHS)(93 min.) : </subfield>
      <subfield code="b">son., byn ; </subfield>
      <subfield code="a">1 videocasete (VHS) (90min.) : </subfield>
      <subfield code="b">son., col. ; </subfield>
      <subfield code="a">videocasetes (VHS) (ca. 40 min., cada uno) : </subfield>
      <subfield code="b">son., col. ; </subfield>
      <subfield code="a">1 videocasete (VHS) (ca. 30 min.) : </subfield>
      <subfield code="b">son., col. ; </subfield>
      <subfield code="a">1 videocasete (VHS) (40 min.) : </subfield>
      <subfield code="b">son., byn ; </subfield>
      <subfield code="a">1 videocasete (VHS) (ca. 57 min.) : </subfield>
      <subfield code="b">son., col. ; </subfield>
      <subfield code="a">1 videocasete (VHS) (20 min.) : </subfield>
      <subfield code="b">son., col. ; </subfield>
      <subfield code="a">1 videocasete (VHS) (59 min.) : </subfield>
      <subfield code="b">son., col. ; </subfield>
      <subfield code="a">1 videocasete (VHS) (60 min.) : </subfield>
      <subfield code="b">son., col. ; </subfield>
      <subfield code="a">1 videocasete (VHS) (31 min.) : </subfield>
      <subfield code="b">son., col. ; </subfield>
      <subfield code="a">1 videocasete (VHS) (ca. 28 min.) : </subfield>
      <subfield code="b">son., col. ; </subfield>
      <subfield code="a">1 videocasete (VHS) (ca. 23 min.) : </subfield>
      <subfield code="b">son., col. ; </subfield>
      <subfield code="a">1 videocasete (VHS) (ca. 28 min.) : </subfield>
      <subfield code="b">son., col. ; </subfield>
      <subfield code="a">1 videocasete (VHS) (ca. 30 min.) : </subfield>
      <subfield code="b">son., col. ; </subfield>
      <subfield code="a">1 videocasete (VHS) (ca. 28 min.) : </subfield>
      <subfield code="b">son., byn ; </subfield>
      <subfield code="a">1 videocasete (VHS) (ca. 28 min.) : </subfield>
      <subfield code="b">son., byn ; </subfield>
      <subfield code="a">1 videocasete (VHS) (ca. 28 min.) : </subfield>
      <subfield code="b">son., col. ; </subfield>
      <subfield code="a">2 videocaseteS (VHS) (ca. 22 min., cada uno) : </subfield>
      <subfield code="b">son., byn ; </subfield>
      <subfield code="a">1 DVD-ROM (734 MB) : </subfield>
      <subfield code="a">1 videocasete (VHS) (45 min.) : </subfield>
      <subfield code="b">son., col. ; </subfield>
      <subfield code="a">1 videocasete (VHS) (90 min.) : </subfield>
      <subfield code="b">son., byn. ; </subfield>
      <subfield code="a">1 videocasete (VHS) (76 min.) : </subfield>
      <subfield code="b">son., col. ; </subfield>
      <subfield code="a">2 videocasete (VHS) (116 min.) : </subfield>
      <subfield code="b">son., byn ; </subfield>
      <subfield code="a">1 videocasete (VHS) (58 min.) : </subfield>
      <subfield code="b">son., byn ; </subfield>
      <subfield code="a">1 videocasete (VHS) (103 min.) : </subfield>
      <subfield code="b">son., col. con secuencias en byn ; </subfield>
      <subfield code="a">1 videocasete (VHS) (29 min.) : </subfield>
      <subfield code="b">son., col. con secuencia en byn ; </subfield>
      <subfield code="a">1 videocasete (VHS) (73 min.) : </subfield>
      <subfield code="b">son., col. ; </subfield>
      <subfield code="a">1 videocasete (VHS) (35 min.) : </subfield>
      <subfield code="b">son., col. ; </subfield>
      <subfield code="a">1 videocasete (VHS) (92 min.) : </subfield>
      <subfield code="b">son., col. ; </subfield>
      <subfield code="a">1 videocasete (VHS) (90 min.) : </subfield>
      <subfield code="b">son., col. ; </subfield>
      <subfield code="a">1 videocasete (VHS) (40 min.) : </subfield>
      <subfield code="b">son., col. ; </subfield>
      <subfield code="a">1 videocasete (VHS) (42 min.) : </subfield>
      <subfield code="b">son., col. ; </subfield>
      <subfield code="a">1 videocasete (VHS) (40 min.) : </subfield>
      <subfield code="b">son., col. ; </subfield>
      <subfield code="a">1 videocasete (VHS) (102 min.) : </subfield>
      <subfield code="b">son., byn ; </subfield>
      <subfield code="a">1 videocasete (VHS) (40 min.) : </subfield>
      <subfield code="b">son., col. ; </subfield>
      <subfield code="a">1 videocasete (VHS) (90 min.) : </subfield>
      <subfield code="b">son., col. ; </subfield>
      <subfield code="a">1 videocasete (VHS) (40 min.) : </subfield>
      <subfield code="b">son., col. ; </subfield>
      <subfield code="a">1 videocasete (VHS) (82 min.) : </subfield>
      <subfield code="b">son., col. ; </subfield>
      <subfield code="a">1 videocasete (VHS) (138 min.) : </subfield>
      <subfield code="b">son., col. ; </subfield>
      <subfield code="a">1 videocasete (VHS) (32 min.) : </subfield>
      <subfield code="b">son., col. con secuencia en byn ; </subfield>
      <subfield code="a">1 videocasete (VHS) (70 min.) : </subfield>
      <subfield code="b">son., col. ; </subfield>
      <subfield code="a">1 videocasete (VHS) (96 min.) : </subfield>
      <subfield code="b">son., col. ; </subfield>
      <subfield code="a">1 videocasete (VHS) (120 min.) : </subfield>
      <subfield code="b">son., byn ; </subfield>
      <subfield code="a">1 videocasete (VHS) (46 min.) : </subfield>
      <subfield code="b">son., col. ; </subfield>
      <subfield code="a">1 videocasete (VHS) (48 min.) : </subfield>
      <subfield code="b">son., col. ; </subfield>
      <subfield code="a">4 videocasetes (VHS) (385 min.) : </subfield>
      <subfield code="b">son., col. ; </subfield>
      <subfield code="a">1 videocasete (VHS) (90 min.) : </subfield>
      <subfield code="b">son., col. ; </subfield>
      <subfield code="e">1 folleto (74 p.)</subfield>
    </datafield>
    <datafield tag="440" ind1=" " ind2=" ">
      <subfield code="a">Colección los temas de nuestro tiempo</subfield>
      <subfield code="v">30</subfield>
    </datafield>
    <datafield tag="490" ind1=" " ind2=" ">
      <subfield code="a">Colección los temas de nuestro tiempo</subfield>
      <subfield code="v">30</subfield>
    </datafield>
    <datafield tag="500" ind1=" " ind2=" ">
      <subfield code="a">Producción y asistencia de dirección: Mónica Acosta</subfield>
    </datafield>
    <datafield tag="500" ind1=" " ind2=" ">
      <subfield code="a">Co-guinista y producción periodística: Enriqueta Berro</subfield>
    </datafield>
    <datafield tag="500" ind1=" " ind2=" ">
      <subfield code="a">Cámaras: Claudio Aragona, Darío Fumagalli</subfield>
    </datafield>
    <datafield tag="500" ind1=" " ind2=" ">
      <subfield code="a">Musicalización: Javier Barrera</subfield>
    </datafield>
    <datafield tag="500" ind1=" " ind2=" ">
      <subfield code="a">Locución: Ariel Delgado</subfield>
    </datafield>
    <datafield tag="500" ind1=" " ind2=" ">
      <subfield code="a">Editor: Marcelo Brigante, Luis Felipe Fotheringham</subfield>
    </datafield>
    <datafield tag="505" ind1=" " ind2=" ">
      <subfield code="a">Contenido: Subversión en el ámbito educativo (conozcamos a nuestro enemigo) / Ministerio de Cultura y Educación, 1977</subfield>
    </datafield>
    <datafield tag="650" ind1=" " ind2=" ">
      <subfield code="a"> POLITICAS DE EDUCACION</subfield>
    </datafield>
    <datafield tag="650" ind1=" " ind2=" ">
      <subfield code="a"> HISTORIA DE LA EDUCACION</subfield>
    </datafield>
    <datafield tag="650" ind1=" " ind2=" ">
      <subfield code="a"> HISTORIA ARGENTINA</subfield>
    </datafield>
    <datafield tag="650" ind1=" " ind2=" ">
      <subfield code="a"> DESAPARECIDOS</subfield>
    </datafield>
    <datafield tag="650" ind1=" " ind2=" ">
      <subfield code="a"> DICTADURA MILITAR </subfield>
    </datafield>
    <datafield tag="650" ind1=" " ind2=" ">
      <subfield code="a"> ESTUDIANTES</subfield>
    </datafield>
    <datafield tag="942" ind1=" " ind2=" ">
      <subfield code="c">VD</subfield>
    </datafield>
    <datafield tag="952" ind1=" " ind2=" ">
      <subfield code="a">BIB_RECT</subfield>
      <subfield code="b">BIB_UACO</subfield>
      <subfield code="d">2008-11-18</subfield>
      <subfield code="y">VD</subfield>
      <subfield code="p">02-06227</subfield>
      <subfield code="i">02-06227</subfield>
      <subfield code="g">42</subfield>
      <subfield code="o">V37(82)(091) A539r</subfield>
      <subfield code="e">Desconocido</subfield>
      <subfield code="8">MM</subfield>
    </datafield>
  </record>