
  <record>
    <leader>01000aam  22002601a 4500</leader>
    <controlfield tag="001">YPZ90512</controlfield>
    <controlfield tag="003">YPZ</controlfield>
    <controlfield tag="005">200902101432020</controlfield>
    <controlfield tag="008">090210|###########||||||b||||||||||spa|d</controlfield>
    <datafield tag="040" ind1=" " ind2=" ">
      <subfield code="c">SIUNPA</subfield>
    </datafield>
    <datafield tag="041" ind1=" " ind2=" ">
      <subfield code="a">spa</subfield>
    </datafield>
    <datafield tag="044" ind1=" " ind2=" ">
      <subfield code="a">AR</subfield>
    </datafield>
    <datafield tag="080" ind1=" " ind2=" ">
      <subfield code="a">V94(82) O489d</subfield>
    </datafield>
    <datafield tag="245" ind1=" " ind2=" ">
      <subfield code="a">De octubre a octubre</subfield>
      <subfield code="b"> : 1945-1985</subfield>
      <subfield code="c"> / Oliver, Victor, dir. ; Rubinstein, Mauricio, dir.</subfield>
    </datafield>
    <datafield tag="260" ind1=" " ind2=" ">
      <subfield code="a">Buenos Aires</subfield>
      <subfield code="b"> : Blakman</subfield>
      <subfield code="c"> , [1983]</subfield>
    </datafield>
    <datafield tag="650" ind1=" " ind2=" ">
      <subfield code="a"> DOCUMENTAL  HISTORIA POLITICA</subfield>
    </datafield>
    <datafield tag="650" ind1=" " ind2=" ">
      <subfield code="a"> HISTORIA ARGENTINA </subfield>
    </datafield>
    <datafield tag="650" ind1=" " ind2=" ">
      <subfield code="a"> PERONISMO </subfield>
    </datafield>
    <datafield tag="650" ind1=" " ind2=" ">
      <subfield code="a"> RADICALISMO</subfield>
    </datafield>
    <datafield tag="650" ind1=" " ind2=" ">
      <subfield code="a"> PERON, JUAN DOMINGO (1895</subfield>
    </datafield>
    <datafield tag="650" ind1=" " ind2=" ">
      <subfield code="a">1974)</subfield>
    </datafield>
    <datafield tag="650" ind1=" " ind2=" ">
      <subfield code="a"> ALFONSIN, RAUL RICARDO (1926</subfield>
    </datafield>
    <datafield tag="650" ind1=" " ind2=" ">
      <subfield code="a">)</subfield>
    </datafield>
    <datafield tag="650" ind1=" " ind2=" ">
      <subfield code="a"> PERON, MARIA EVA DE DUARTE (1919</subfield>
    </datafield>
    <datafield tag="650" ind1=" " ind2=" ">
      <subfield code="a">1952)</subfield>
    </datafield>
    <datafield tag="942" ind1=" " ind2=" ">
      <subfield code="c">VD</subfield>
    </datafield>
    <datafield tag="952" ind1=" " ind2=" ">
      <subfield code="a">BIB_RECT</subfield>
      <subfield code="b">BIB_UACO</subfield>
      <subfield code="d">2009-02-10</subfield>
      <subfield code="y">VD</subfield>
      <subfield code="p">02-07391</subfield>
      <subfield code="i">02-07391</subfield>
      <subfield code="g">44</subfield>
      <subfield code="o">V94(82) O489d</subfield>
      <subfield code="e">Desconocido</subfield>
      <subfield code="8">MM</subfield>
    </datafield>
    <datafield tag="952" ind1=" " ind2=" ">
      <subfield code="a">BIB_RECT</subfield>
      <subfield code="b">BIB_UARG</subfield>
      <subfield code="d">2009-02-10</subfield>
      <subfield code="y">VD</subfield>
      <subfield code="p">05-13925</subfield>
      <subfield code="i">05-13925</subfield>
      <subfield code="g">44</subfield>
      <subfield code="o">V94(82) O489d</subfield>
      <subfield code="e">Migracion UARG</subfield>
      <subfield code="8">MM</subfield>
    </datafield>
    <datafield tag="952" ind1=" " ind2=" ">
      <subfield code="a">BIB_RECT</subfield>
      <subfield code="b">BIB_UARG</subfield>
      <subfield code="d">2009-02-10</subfield>
      <subfield code="y">VD</subfield>
      <subfield code="p">05-13926</subfield>
      <subfield code="i">05-13926</subfield>
      <subfield code="g">44</subfield>
      <subfield code="o">V94(82) O489d</subfield>
      <subfield code="e">Migracion UARG</subfield>
      <subfield code="8">MM</subfield>
    </datafield>
    <datafield tag="952" ind1=" " ind2=" ">
      <subfield code="a">BIB_RECT</subfield>
      <subfield code="b">BIB_UARG</subfield>
      <subfield code="d">2009-02-10</subfield>
      <subfield code="y">VD</subfield>
      <subfield code="p">05-13927</subfield>
      <subfield code="i">05-13927</subfield>
      <subfield code="g">44</subfield>
      <subfield code="o">V94(82) O489d</subfield>
      <subfield code="e">Migracion UARG</subfield>
      <subfield code="8">MM</subfield>
    </datafield>
  </record>