
  <record>
    <leader>01000aam  22002601a 4500</leader>
    <controlfield tag="001">YPZ90531</controlfield>
    <controlfield tag="003">YPZ</controlfield>
    <controlfield tag="005">200902111341160</controlfield>
    <controlfield tag="008">090211|###########||||||b||||||||||spa|d</controlfield>
    <datafield tag="040" ind1=" " ind2=" ">
      <subfield code="c">SIUNPA</subfield>
    </datafield>
    <datafield tag="041" ind1=" " ind2=" ">
      <subfield code="a">spa</subfield>
    </datafield>
    <datafield tag="044" ind1=" " ind2=" ">
      <subfield code="a">AR</subfield>
    </datafield>
    <datafield tag="080" ind1=" " ind2=" ">
      <subfield code="a">V94(82) F761i</subfield>
    </datafield>
    <datafield tag="245" ind1=" " ind2=" ">
      <subfield code="a">Inmigrantes a la Argentina</subfield>
      <subfield code="b"> : 1860-1955</subfield>
      <subfield code="c"> / Fotheringham, Luis F., dir.</subfield>
    </datafield>
    <datafield tag="260" ind1=" " ind2=" ">
      <subfield code="a">Buenos Aires</subfield>
      <subfield code="b"> : Blakman</subfield>
      <subfield code="c"> , [198-?]</subfield>
    </datafield>
    <datafield tag="440" ind1=" " ind2=" ">
      <subfield code="a">Teatro colón</subfield>
      <subfield code="a">Los temas de nuestro tiempo</subfield>
      <subfield code="v">1</subfield>
    </datafield>
    <datafield tag="490" ind1=" " ind2=" ">
      <subfield code="a">Teatro colón</subfield>
      <subfield code="a">Los temas de nuestro tiempo</subfield>
      <subfield code="v">1</subfield>
    </datafield>
    <datafield tag="650" ind1=" " ind2=" ">
      <subfield code="a"> HISTORIA ARGENTINA</subfield>
    </datafield>
    <datafield tag="650" ind1=" " ind2=" ">
      <subfield code="a"> INMIGRANTE</subfield>
    </datafield>
    <datafield tag="650" ind1=" " ind2=" ">
      <subfield code="a"> SIGLO XIX</subfield>
    </datafield>
    <datafield tag="650" ind1=" " ind2=" ">
      <subfield code="a"> SIGLO XX</subfield>
    </datafield>
    <datafield tag="942" ind1=" " ind2=" ">
      <subfield code="c">VD</subfield>
    </datafield>
    <datafield tag="952" ind1=" " ind2=" ">
      <subfield code="a">BIB_RECT</subfield>
      <subfield code="b">BIB_UACO</subfield>
      <subfield code="d">2009-02-11</subfield>
      <subfield code="y">VD</subfield>
      <subfield code="p">02-07389</subfield>
      <subfield code="i">02-07389</subfield>
      <subfield code="g">44</subfield>
      <subfield code="o">V94(82) F761i</subfield>
      <subfield code="e">Desconocido</subfield>
      <subfield code="8">MM</subfield>
    </datafield>
  </record>