
  <record>
    <leader>01000aam  22002601a 4500</leader>
    <controlfield tag="001">YPZ90852</controlfield>
    <controlfield tag="003">YPZ</controlfield>
    <controlfield tag="005">200903271431200</controlfield>
    <controlfield tag="008">090327|###########||||||b||||||||||spa|d</controlfield>
    <datafield tag="020" ind1=" " ind2=" ">
      <subfield code="a">0780622561</subfield>
    </datafield>
    <datafield tag="040" ind1=" " ind2=" ">
      <subfield code="c">SIUNPA</subfield>
    </datafield>
    <datafield tag="041" ind1=" " ind2=" ">
      <subfield code="a">eng</subfield>
      <subfield code="a">fre</subfield>
    </datafield>
    <datafield tag="044" ind1=" " ind2=" ">
      <subfield code="a">US</subfield>
    </datafield>
    <datafield tag="080" ind1=" " ind2=" ">
      <subfield code="a">V791.43(73) L665w</subfield>
    </datafield>
    <datafield tag="100" ind1=" " ind2=" ">
      <subfield code="a">Levinson, Barry, dir..</subfield>
    </datafield>
    <datafield tag="245" ind1=" " ind2=" ">
      <subfield code="a">Wag the dog</subfield>
      <subfield code="b"> : a comedy about truth, justice and otherspecial affects</subfield>
    </datafield>
    <datafield tag="260" ind1=" " ind2=" ">
      <subfield code="a">[New York, N.Y.]</subfield>
      <subfield code="b"> : [Aurum]</subfield>
      <subfield code="c"> , [2002]</subfield>
    </datafield>
    <datafield tag="440" ind1=" " ind2=" ">
      <subfield code="a">New line platinum series</subfield>
      <subfield code="v">N 4658</subfield>
    </datafield>
    <datafield tag="490" ind1=" " ind2=" ">
      <subfield code="a">New line platinum series</subfield>
      <subfield code="v">N 4658</subfield>
    </datafield>
    <datafield tag="500" ind1=" " ind2=" ">
      <subfield code="a">Intérpretes: Robert de Niro, Dustin Hoffman, Anne Heche, Denis Leary, Willie Nelson</subfield>
    </datafield>
    <datafield tag="500" ind1=" " ind2=" ">
      <subfield code="a">Guión: Hilary Henkin, David Mamet</subfield>
    </datafield>
    <datafield tag="500" ind1=" " ind2=" ">
      <subfield code="a">Productor: Mark Rance, Susan Ricketts</subfield>
    </datafield>
    <datafield tag="500" ind1=" " ind2=" ">
      <subfield code="a">Subtitulada en español</subfield>
    </datafield>
    <datafield tag="650" ind1=" " ind2=" ">
      <subfield code="a"> CINE NORTEAMERICANO</subfield>
    </datafield>
    <datafield tag="650" ind1=" " ind2=" ">
      <subfield code="a"> DRAMA</subfield>
    </datafield>
    <datafield tag="942" ind1=" " ind2=" ">
      <subfield code="c">VD</subfield>
    </datafield>
    <datafield tag="952" ind1=" " ind2=" ">
      <subfield code="a">BIB_RECT</subfield>
      <subfield code="b">BIB_UARG</subfield>
      <subfield code="d">2009-03-27</subfield>
      <subfield code="y">VD</subfield>
      <subfield code="p">05-37445</subfield>
      <subfield code="i">05-37445</subfield>
      <subfield code="g">49.9</subfield>
      <subfield code="o">V791.43(73) L665w</subfield>
      <subfield code="e">PROSOC</subfield>
      <subfield code="8">MM</subfield>
    </datafield>
  </record>