
  <record>
    <leader>01000aam  22002601a 4500</leader>
    <controlfield tag="001">YPZ90854</controlfield>
    <controlfield tag="003">YPZ</controlfield>
    <controlfield tag="005">200903271521040</controlfield>
    <controlfield tag="008">090327|###########||||||b||||||||||spa|d</controlfield>
    <datafield tag="040" ind1=" " ind2=" ">
      <subfield code="c">SIUNPA</subfield>
    </datafield>
    <datafield tag="041" ind1=" " ind2=" ">
      <subfield code="a">eng</subfield>
    </datafield>
    <datafield tag="044" ind1=" " ind2=" ">
      <subfield code="a">US</subfield>
    </datafield>
    <datafield tag="080" ind1=" " ind2=" ">
      <subfield code="a">V791.43(73) M647c</subfield>
    </datafield>
    <datafield tag="245" ind1=" " ind2=" ">
      <subfield code="a">Capote</subfield>
      <subfield code="c"> / Miller, Bennett, dir. ; Kimmel, Adam, dir.</subfield>
    </datafield>
    <datafield tag="260" ind1=" " ind2=" ">
      <subfield code="a">Canada</subfield>
      <subfield code="b"> : Sony Pictures Classics</subfield>
      <subfield code="c"> , 2006</subfield>
    </datafield>
    <datafield tag="500" ind1=" " ind2=" ">
      <subfield code="a">Intérpretes: Philip Seymour Hoffman, Catherine Keener, Clifton Collins, Chris Cooper, Bruce Greenwood</subfield>
    </datafield>
    <datafield tag="500" ind1=" " ind2=" ">
      <subfield code="a">Guión: Dan Futterman</subfield>
    </datafield>
    <datafield tag="500" ind1=" " ind2=" ">
      <subfield code="a">Subtítulada en español, inglés, portugués, mandarín, cantonés, coreano, tailandés, bahasa</subfield>
    </datafield>
    <datafield tag="500" ind1=" " ind2=" ">
      <subfield code="a">Apta para mayores de 13 años</subfield>
    </datafield>
    <datafield tag="500" ind1=" " ind2=" ">
      <subfield code="a">Nominada a 5 premios de la academia incluyendo mejor película - Ganador del premio de la academia - Mejor actor Philip Seymour Hoffman - La mejor película del año</subfield>
    </datafield>
    <datafield tag="650" ind1=" " ind2=" ">
      <subfield code="a"> CINE NORTEAMERICANO</subfield>
    </datafield>
    <datafield tag="650" ind1=" " ind2=" ">
      <subfield code="a"> DRAMA</subfield>
    </datafield>
    <datafield tag="942" ind1=" " ind2=" ">
      <subfield code="c">VD</subfield>
    </datafield>
    <datafield tag="952" ind1=" " ind2=" ">
      <subfield code="a">BIB_RECT</subfield>
      <subfield code="b">BIB_UARG</subfield>
      <subfield code="d">2009-03-27</subfield>
      <subfield code="y">VD</subfield>
      <subfield code="p">05-37442</subfield>
      <subfield code="i">05-37442</subfield>
      <subfield code="g">49.9</subfield>
      <subfield code="o">V791.43(73) M647c</subfield>
      <subfield code="e">PROSOC</subfield>
      <subfield code="8">MM</subfield>
    </datafield>
  </record>