
  <record>
    <leader>01000aam  22002601a 4500</leader>
    <controlfield tag="001">YPZ90945</controlfield>
    <controlfield tag="003">YPZ</controlfield>
    <controlfield tag="005">200904141414180</controlfield>
    <controlfield tag="008">090414|###########||||||b||||||||||spa|d</controlfield>
    <datafield tag="040" ind1=" " ind2=" ">
      <subfield code="c">SIUNPA</subfield>
    </datafield>
    <datafield tag="041" ind1=" " ind2=" ">
      <subfield code="a">spa</subfield>
    </datafield>
    <datafield tag="044" ind1=" " ind2=" ">
      <subfield code="a">AR</subfield>
    </datafield>
    <datafield tag="080" ind1=" " ind2=" ">
      <subfield code="a">V323.28 C718t</subfield>
    </datafield>
    <datafield tag="100" ind1=" " ind2=" ">
      <subfield code="a">Colom, Miguel, dir..</subfield>
    </datafield>
    <datafield tag="700" ind1=" " ind2=" ">
      <subfield code="a">Camaño, Marcelo.</subfield>
    </datafield>
    <datafield tag="110" ind1=" " ind2=" ">
      <subfield code="a">Abuelas de Plaza de Mayo.</subfield>
    </datafield>
    <datafield tag="245" ind1=" " ind2=" ">
      <subfield code="a">Televisión x la identidad</subfield>
    </datafield>
    <datafield tag="260" ind1=" " ind2=" ">
      <subfield code="a">Buenos Aires</subfield>
      <subfield code="b"> : Página/12</subfield>
      <subfield code="c"> , [2007]</subfield>
    </datafield>
    <datafield tag="500" ind1=" " ind2=" ">
      <subfield code="a">Producción general: Claudio Meilan - Producción ejecutiva y coordinación autoral: Guillermo Salmerón - Edición: Andrés Palacios - Producción: Manuel Garriga, Gastón Smith</subfield>
    </datafield>
    <datafield tag="500" ind1=" " ind2=" ">
      <subfield code="a">Una producción de: Telefé - Contenidos: Llorente - Villarruel</subfield>
    </datafield>
    <datafield tag="505" ind1=" " ind2=" ">
      <subfield code="a">Contenido: capítulo 1: Tatiana -- capítulo 2: Juan -- capítulo 3: Nietos de la esperanza -- Material adicional: testimonios completos: Estela de Carlotto, Tatiana Ruarte Britos, Juan Cabandié, Juliana García, Victoria Donda, Sabino Abdala, Silvana Aranda, Flavia y Lorena Basttistiol</subfield>
    </datafield>
    <datafield tag="650" ind1=" " ind2=" ">
      <subfield code="a"> DERECHOS HUMANOS  DRAMA</subfield>
    </datafield>
    <datafield tag="650" ind1=" " ind2=" ">
      <subfield code="a"> DESAPARECIDOS</subfield>
    </datafield>
    <datafield tag="650" ind1=" " ind2=" ">
      <subfield code="a"> TERRORISMO DE ESTADO</subfield>
    </datafield>
    <datafield tag="650" ind1=" " ind2=" ">
      <subfield code="a"> HISTORIA ARGENTINA</subfield>
    </datafield>
    <datafield tag="650" ind1=" " ind2=" ">
      <subfield code="a"> CINE ARGENTINO</subfield>
    </datafield>
    <datafield tag="942" ind1=" " ind2=" ">
      <subfield code="c">VD</subfield>
    </datafield>
    <datafield tag="952" ind1=" " ind2=" ">
      <subfield code="a">BIB_RECT</subfield>
      <subfield code="b">BIB_UARG</subfield>
      <subfield code="d">2009-04-14</subfield>
      <subfield code="y">VD</subfield>
      <subfield code="p">05-37439</subfield>
      <subfield code="i">05-37439</subfield>
      <subfield code="g">20</subfield>
      <subfield code="o">V323.28 C718t</subfield>
      <subfield code="e">Fundación Abuelas de Plaza de Mayo</subfield>
      <subfield code="8">MM</subfield>
    </datafield>
  </record>