
  <record>
    <leader>01000aam  22002601a 4500</leader>
    <controlfield tag="001">YPZ91915</controlfield>
    <controlfield tag="003">YPZ</controlfield>
    <controlfield tag="005">200909241654020</controlfield>
    <controlfield tag="008">090924|###########||||||b||||||||||spa|d</controlfield>
    <datafield tag="040" ind1=" " ind2=" ">
      <subfield code="c">SIUNPA</subfield>
    </datafield>
    <datafield tag="041" ind1=" " ind2=" ">
      <subfield code="a">spa</subfield>
    </datafield>
    <datafield tag="044" ind1=" " ind2=" ">
      <subfield code="a">AR</subfield>
    </datafield>
    <datafield tag="080" ind1=" " ind2=" ">
      <subfield code="a">V821.14'02 E899t</subfield>
    </datafield>
    <datafield tag="100" ind1=" " ind2=" ">
      <subfield code="a">Eurípides.</subfield>
    </datafield>
    <datafield tag="245" ind1=" " ind2=" ">
      <subfield code="a">Las troyanas</subfield>
      <subfield code="c"> / Szuchmacher, Rubén, dir.</subfield>
    </datafield>
    <datafield tag="260" ind1=" " ind2=" ">
      <subfield code="c"> , [2005?]</subfield>
    </datafield>
    <datafield tag="500" ind1=" " ind2=" ">
      <subfield code="a">Versión: Jean-Paul Sartre</subfield>
    </datafield>
    <datafield tag="500" ind1=" " ind2=" ">
      <subfield code="a">Traducción: Ingrid Pelicori </subfield>
    </datafield>
    <datafield tag="500" ind1=" " ind2=" ">
      <subfield code="a">Intérpretes: Elena Tasisto, Ingrid Pelicori, Horacio Peña, Irina Alonso, Diana Lamas, Pablo Caramelo, Graciela Martinelli, Susana Lanteri, Berta Gagliano, Javier Rodríguez</subfield>
    </datafield>
    <datafield tag="500" ind1=" " ind2=" ">
      <subfield code="a">Coro: Karina Antonelli, Patricia Becker, Emilse Díaz, Silvia Hilario, Andrea Jaet, Eugenia Mercante, Valeria Richeti, Martha Rodríguez, Vilma Rodríguez, María Inés Sancerni, Muriel Santa Ana, Bárbara Togander, María Zambelli</subfield>
    </datafield>
    <datafield tag="500" ind1=" " ind2=" ">
      <subfield code="a">Actor: Francisco Civit, Rubén Dellarossa, Francisco Egido, Pablo Maritano, Paul Mauch, Julián Vilar</subfield>
    </datafield>
    <datafield tag="650" ind1=" " ind2=" ">
      <subfield code="a"> LITERATURA GRIEGA</subfield>
    </datafield>
    <datafield tag="650" ind1=" " ind2=" ">
      <subfield code="a"> TEATRO GRIEGO</subfield>
    </datafield>
    <datafield tag="942" ind1=" " ind2=" ">
      <subfield code="c">VD</subfield>
    </datafield>
    <datafield tag="952" ind1=" " ind2=" ">
      <subfield code="a">BIB_RECT</subfield>
      <subfield code="b">BIB_UARG</subfield>
      <subfield code="d">2009-09-24</subfield>
      <subfield code="y">VD</subfield>
      <subfield code="p">05-38376</subfield>
      <subfield code="i">05-38376</subfield>
      <subfield code="g">5</subfield>
      <subfield code="o">V821.14'02 E899t</subfield>
      <subfield code="e">AAB</subfield>
      <subfield code="8">MM</subfield>
    </datafield>
  </record>