
  <record>
    <leader>01000aam  22002601a 4500</leader>
    <controlfield tag="001">YPZ92050</controlfield>
    <controlfield tag="003">YPZ</controlfield>
    <controlfield tag="005">200910211851320</controlfield>
    <controlfield tag="008">091021|###########||||||b||||||||||spa|d</controlfield>
    <datafield tag="040" ind1=" " ind2=" ">
      <subfield code="c">SIUNPA</subfield>
    </datafield>
    <datafield tag="041" ind1=" " ind2=" ">
      <subfield code="a">spa</subfield>
    </datafield>
    <datafield tag="044" ind1=" " ind2=" ">
      <subfield code="a">AR</subfield>
    </datafield>
    <datafield tag="080" ind1=" " ind2=" ">
      <subfield code="a">V342.729 M316m</subfield>
    </datafield>
    <datafield tag="245" ind1=" " ind2=" ">
      <subfield code="a">Marche preso</subfield>
      <subfield code="b"> : (la criminalización de la protesta social)</subfield>
      <subfield code="c"> / Rodríguez, Esteban, realización, producción y guión ; Apella, Gabriel, realización, producción y guión ; Massa, Martín, realización, producción y guión ; Viegas, Fabián, realización, producción y guión ; Carpinetti, Rómulo, realización, producción y guión</subfield>
    </datafield>
    <datafield tag="260" ind1=" " ind2=" ">
      <subfield code="a">La Plata</subfield>
      <subfield code="b"> : Universidad Nacional de La Plata</subfield>
      <subfield code="c"> , 2004-2008</subfield>
    </datafield>
    <datafield tag="500" ind1=" " ind2=" ">
      <subfield code="a">Video realizado en el marco del proyecto de extensión universitaria de la Universidad Nacional de La Plata</subfield>
    </datafield>
    <datafield tag="500" ind1=" " ind2=" ">
      <subfield code="a">Realizado también en el marco del Programa Voluntariado (Ministerio de Educación de la Nación), el derecho a tener derechos, dirigido por Esteban Rodríguez</subfield>
    </datafield>
    <datafield tag="650" ind1=" " ind2=" ">
      <subfield code="a"> DERECHOS HUMANOS</subfield>
    </datafield>
    <datafield tag="650" ind1=" " ind2=" ">
      <subfield code="a"> DERECHOS DEL CIUDADANO</subfield>
    </datafield>
    <datafield tag="650" ind1=" " ind2=" ">
      <subfield code="a"> PROTESTA SOCIAL</subfield>
    </datafield>
    <datafield tag="650" ind1=" " ind2=" ">
      <subfield code="a"> CONFLICTO SOCIAL</subfield>
    </datafield>
    <datafield tag="650" ind1=" " ind2=" ">
      <subfield code="a"> ARGENTINA</subfield>
    </datafield>
    <datafield tag="942" ind1=" " ind2=" ">
      <subfield code="c">VD</subfield>
    </datafield>
    <datafield tag="952" ind1=" " ind2=" ">
      <subfield code="a">BIB_RECT</subfield>
      <subfield code="b">BIB_UARG</subfield>
      <subfield code="d">2009-10-14</subfield>
      <subfield code="y">VD</subfield>
      <subfield code="p">05-38453</subfield>
      <subfield code="i">05-38453</subfield>
      <subfield code="g">20</subfield>
      <subfield code="o">V342.729 M316m</subfield>
      <subfield code="e">Judiciales de Santa Cruz</subfield>
      <subfield code="8">MM</subfield>
    </datafield>
  </record>