
  <record>
    <leader>01000aam  22002601a 4500</leader>
    <controlfield tag="001">YPZ92100</controlfield>
    <controlfield tag="003">YPZ</controlfield>
    <controlfield tag="005">200910291659210</controlfield>
    <controlfield tag="008">091029|###########||||||b||||||||||spa|d</controlfield>
    <datafield tag="040" ind1=" " ind2=" ">
      <subfield code="c">SIUNPA</subfield>
    </datafield>
    <datafield tag="041" ind1=" " ind2=" ">
      <subfield code="a">spa</subfield>
    </datafield>
    <datafield tag="044" ind1=" " ind2=" ">
      <subfield code="a">AR</subfield>
    </datafield>
    <datafield tag="080" ind1=" " ind2=" ">
      <subfield code="a">V821.14'02 E899b</subfield>
    </datafield>
    <datafield tag="100" ind1=" " ind2=" ">
      <subfield code="a">Eurípides.</subfield>
    </datafield>
    <datafield tag="245" ind1=" " ind2=" ">
      <subfield code="a">Las bacantes</subfield>
      <subfield code="c"> / Navarrete, Fernando, dir. ; Jover, Carles, productor ; Roca, Pere, productor</subfield>
    </datafield>
    <datafield tag="260" ind1=" " ind2=" ">
      <subfield code="c"> , [2005?]</subfield>
    </datafield>
    <datafield tag="500" ind1=" " ind2=" ">
      <subfield code="a">Intérpretes: Fernando Romero, Juan Romero, Evaristo Romero, Paco Moyano, Paco Piñero, Concha Tavora, Fany Murillo, Leonor, Álvarez Ossorio, Yolanda Lorenzo, Irma Tellón, Lourdes Recio, Salvador Tavora</subfield>
    </datafield>
    <datafield tag="650" ind1=" " ind2=" ">
      <subfield code="a"> LITERATURA GRIEGA</subfield>
    </datafield>
    <datafield tag="650" ind1=" " ind2=" ">
      <subfield code="a"> TEATRO GRIEGO</subfield>
    </datafield>
    <datafield tag="942" ind1=" " ind2=" ">
      <subfield code="c">VD</subfield>
    </datafield>
    <datafield tag="952" ind1=" " ind2=" ">
      <subfield code="a">BIB_RECT</subfield>
      <subfield code="b">BIB_UARG</subfield>
      <subfield code="d">2009-10-29</subfield>
      <subfield code="y">VD</subfield>
      <subfield code="p">05-38373</subfield>
      <subfield code="i">05-38373</subfield>
      <subfield code="g">25</subfield>
      <subfield code="o">V821.14'02 E899b</subfield>
      <subfield code="e">AAB</subfield>
      <subfield code="8">MM</subfield>
    </datafield>
  </record>