
  <record>
    <leader>01000aam  22002601a 4500</leader>
    <controlfield tag="001">YPZ92110</controlfield>
    <controlfield tag="003">YPZ</controlfield>
    <controlfield tag="005">200910301314540</controlfield>
    <controlfield tag="008">091030|###########||||||b||||||||||spa|d</controlfield>
    <datafield tag="040" ind1=" " ind2=" ">
      <subfield code="c">SIUNPA</subfield>
    </datafield>
    <datafield tag="041" ind1=" " ind2=" ">
      <subfield code="a">eng</subfield>
      <subfield code="a">ger</subfield>
    </datafield>
    <datafield tag="044" ind1=" " ind2=" ">
      <subfield code="a">US</subfield>
    </datafield>
    <datafield tag="080" ind1=" " ind2=" ">
      <subfield code="a">V791.43(495) D231u</subfield>
    </datafield>
    <datafield tag="245" ind1=" " ind2=" ">
      <subfield code="a">Un sueño de pasión</subfield>
      <subfield code="c"> / Dassin, Jules, dir.</subfield>
    </datafield>
    <datafield tag="246" ind1=" " ind2=" ">
      <subfield code="a">Kravgi gynaikon = A dream of passsión.</subfield>
    </datafield>
    <datafield tag="260" ind1=" " ind2=" ">
      <subfield code="a">Buenos Aires</subfield>
      <subfield code="b"> : Legal Video</subfield>
      <subfield code="c"> , [199?]</subfield>
    </datafield>
    <datafield tag="500" ind1=" " ind2=" ">
      <subfield code="a">Versión moderna griega: de Medea de Eurípides</subfield>
    </datafield>
    <datafield tag="500" ind1=" " ind2=" ">
      <subfield code="a">Adaptación: Minoas Volonakis</subfield>
    </datafield>
    <datafield tag="500" ind1=" " ind2=" ">
      <subfield code="a">Intérpretes: Melina Mercouri, Ellen Burstyn, Andréas Voutsinas, Despo Diamantidou, Dimitris Papamichael, Giannis Voglis, Faidon Georgitsis, Betty Valassi, Andreas Filippides, Irene Emirza, Panos Papaioannou, Costas Arzoglou, Savvas Axiotis, Katerina Bourlou, Foteini Filosofou, Rea Fortouna, Nikos Galiatsos, Eleni Georgiadou, Freddie Germanos, Stella Geromitsou, Vicky Grammatika, Anthi Kariofylli, Manos Katrakis, Aleka Katselli, Marianna Koutalou, Margarita Labrinou, Mina Negreponti, Alexandra Pantelaki, Olympia Papadouka, Sofia Sfyroera, Alexis Solomos, Anna Thomaidou, Olybia Tolika, Natassa Tsakarisianou, Mairi Tsinari, Litsa Vaidou, Stefanos Vlachos </subfield>
    </datafield>
    <datafield tag="500" ind1=" " ind2=" ">
      <subfield code="a">Subtítulada en español</subfield>
    </datafield>
    <datafield tag="650" ind1=" " ind2=" ">
      <subfield code="a"> LITERATURA GRIEGA</subfield>
    </datafield>
    <datafield tag="650" ind1=" " ind2=" ">
      <subfield code="a"> TEATRO GRIEGO</subfield>
    </datafield>
    <datafield tag="650" ind1=" " ind2=" ">
      <subfield code="a"> EURIPIDES</subfield>
    </datafield>
    <datafield tag="942" ind1=" " ind2=" ">
      <subfield code="c">VD</subfield>
    </datafield>
    <datafield tag="952" ind1=" " ind2=" ">
      <subfield code="a">BIB_RECT</subfield>
      <subfield code="b">BIB_UARG</subfield>
      <subfield code="d">2009-10-30</subfield>
      <subfield code="y">VD</subfield>
      <subfield code="p">05-38375</subfield>
      <subfield code="i">05-38375</subfield>
      <subfield code="g">5</subfield>
      <subfield code="o">V791.43(495) D231u</subfield>
      <subfield code="e">AAB</subfield>
      <subfield code="8">MM</subfield>
    </datafield>
  </record>