
  <record>
    <leader>01000aam  22002601a 4500</leader>
    <controlfield tag="001">YPZ92111</controlfield>
    <controlfield tag="003">YPZ</controlfield>
    <controlfield tag="005">200910301359190</controlfield>
    <controlfield tag="008">091030|###########||||||b||||||||||spa|d</controlfield>
    <datafield tag="040" ind1=" " ind2=" ">
      <subfield code="c">SIUNPA</subfield>
    </datafield>
    <datafield tag="041" ind1=" " ind2=" ">
      <subfield code="a">spa</subfield>
    </datafield>
    <datafield tag="044" ind1=" " ind2=" ">
      <subfield code="a">AR</subfield>
    </datafield>
    <datafield tag="080" ind1=" " ind2=" ">
      <subfield code="a">V821.14'02 S681t</subfield>
    </datafield>
    <datafield tag="100" ind1=" " ind2=" ">
      <subfield code="a">Muscari, José María, dir. y adapt..</subfield>
    </datafield>
    <datafield tag="245" ind1=" " ind2=" ">
      <subfield code="a">Electra shock</subfield>
      <subfield code="b"> : tragedia show y alto voltaje</subfield>
    </datafield>
    <datafield tag="260" ind1=" " ind2=" ">
      <subfield code="a">[Buenos Aires]</subfield>
      <subfield code="b"> : [Centro Cultural Konex]</subfield>
      <subfield code="c"> , [2006]</subfield>
    </datafield>
    <datafield tag="500" ind1=" " ind2=" ">
      <subfield code="a">Elenco: Horacio Acosta, Laura Espinola, Carolina Fal, Dolores Fernández, Emiliano Figueredo, Stella Galazzi, Natalia Giardinieri, Pablo Kovacs, Alejandro Molina, Hernán Muñoz, Juliana Muras, Analía Nuñez, mercedes Scapola Morán, Martín Urbaneja, Julieta Vallina, Gabriel Zuccarini</subfield>
    </datafield>
    <datafield tag="500" ind1=" " ind2=" ">
      <subfield code="a">Música original: Mauro García Barbe</subfield>
    </datafield>
    <datafield tag="500" ind1=" " ind2=" ">
      <subfield code="a">Este espectáculo formó parte del 3er Festival Konex de la cultura</subfield>
    </datafield>
    <datafield tag="650" ind1=" " ind2=" ">
      <subfield code="a"> LITERATURA GRIEGA</subfield>
    </datafield>
    <datafield tag="650" ind1=" " ind2=" ">
      <subfield code="a"> TEATRO GRIEGO</subfield>
    </datafield>
    <datafield tag="650" ind1=" " ind2=" ">
      <subfield code="a"> SOFOCLES (h.495</subfield>
    </datafield>
    <datafield tag="650" ind1=" " ind2=" ">
      <subfield code="a">406 a.c.) </subfield>
    </datafield>
    <datafield tag="650" ind1=" " ind2=" ">
      <subfield code="a"> ELECTRA</subfield>
    </datafield>
    <datafield tag="942" ind1=" " ind2=" ">
      <subfield code="c">VD</subfield>
    </datafield>
    <datafield tag="952" ind1=" " ind2=" ">
      <subfield code="a">BIB_RECT</subfield>
      <subfield code="b">BIB_UARG</subfield>
      <subfield code="d">2009-10-30</subfield>
      <subfield code="y">VD</subfield>
      <subfield code="p">05-38374</subfield>
      <subfield code="i">05-38374</subfield>
      <subfield code="g">25</subfield>
      <subfield code="o">V821.14'02 S681t</subfield>
      <subfield code="e">AAB</subfield>
      <subfield code="8">MM</subfield>
    </datafield>
  </record>