
  <record>
    <leader>01000aam  22002601a 4500</leader>
    <controlfield tag="001">YPZ92329</controlfield>
    <controlfield tag="003">YPZ</controlfield>
    <controlfield tag="005">201002181825150</controlfield>
    <controlfield tag="008">100218|###########||||||b||||||||||spa|d</controlfield>
    <datafield tag="040" ind1=" " ind2=" ">
      <subfield code="c">SIUNPA</subfield>
    </datafield>
    <datafield tag="041" ind1=" " ind2=" ">
      <subfield code="a">spa</subfield>
    </datafield>
    <datafield tag="044" ind1=" " ind2=" ">
      <subfield code="a">AR</subfield>
    </datafield>
    <datafield tag="080" ind1=" " ind2=" ">
      <subfield code="a">V101.1(091) S445g</subfield>
    </datafield>
    <datafield tag="100" ind1=" " ind2=" ">
      <subfield code="a">Secondari, Helen Jean, dir..</subfield>
    </datafield>
    <datafield tag="245" ind1=" " ind2=" ">
      <subfield code="a">Los griegos</subfield>
      <subfield code="b"> : en busca de la sabiduría</subfield>
    </datafield>
    <datafield tag="260" ind1=" " ind2=" ">
      <subfield code="a">Buenos Aires</subfield>
      <subfield code="b"> : Educable</subfield>
      <subfield code="c"> , [199-?]</subfield>
    </datafield>
    <datafield tag="500" ind1=" " ind2=" ">
      <subfield code="a">Intépretes: Kara Wilson, Alex Scott, Frances Cuka, Paul Dawkins, Richard O'Sullivan, Julian Barnes, Robert Coleby, John Trayhorn</subfield>
    </datafield>
    <datafield tag="500" ind1=" " ind2=" ">
      <subfield code="a">Guión: John H. Secondari</subfield>
    </datafield>
    <datafield tag="650" ind1=" " ind2=" ">
      <subfield code="a"> HISTORIA DE LA FILOSOFIA</subfield>
    </datafield>
    <datafield tag="650" ind1=" " ind2=" ">
      <subfield code="a"> SOCRATES (470</subfield>
    </datafield>
    <datafield tag="650" ind1=" " ind2=" ">
      <subfield code="a">399 a.c.)</subfield>
    </datafield>
    <datafield tag="650" ind1=" " ind2=" ">
      <subfield code="a"> FILOSOFOS</subfield>
    </datafield>
    <datafield tag="650" ind1=" " ind2=" ">
      <subfield code="a"> HISTORIA ANTIGUA</subfield>
    </datafield>
    <datafield tag="650" ind1=" " ind2=" ">
      <subfield code="a"> HISTORIA DE GRECIA</subfield>
    </datafield>
    <datafield tag="942" ind1=" " ind2=" ">
      <subfield code="c">VD</subfield>
    </datafield>
    <datafield tag="952" ind1=" " ind2=" ">
      <subfield code="a">BIB_RECT</subfield>
      <subfield code="b">BIB_UACO</subfield>
      <subfield code="d">2010-02-18</subfield>
      <subfield code="y">VD</subfield>
      <subfield code="p">02-06146</subfield>
      <subfield code="i">02-06146</subfield>
      <subfield code="g">40</subfield>
      <subfield code="o">V101.1(091) S445g</subfield>
      <subfield code="e">Desconocido</subfield>
      <subfield code="8">MM</subfield>
    </datafield>
    <datafield tag="952" ind1=" " ind2=" ">
      <subfield code="a">BIB_RECT</subfield>
      <subfield code="b">BIB_UASJ</subfield>
      <subfield code="d">2010-02-18</subfield>
      <subfield code="y">VD</subfield>
      <subfield code="p">04-v00031</subfield>
      <subfield code="i">04-v00031</subfield>
      <subfield code="g">40</subfield>
      <subfield code="o">V101.1(091) S445g</subfield>
      <subfield code="e">Migracion UASJ</subfield>
      <subfield code="8">MM</subfield>
    </datafield>
    <datafield tag="952" ind1=" " ind2=" ">
      <subfield code="a">BIB_RECT</subfield>
      <subfield code="b">BIB_UARG</subfield>
      <subfield code="d">2010-02-18</subfield>
      <subfield code="y">VD</subfield>
      <subfield code="p">05-13935</subfield>
      <subfield code="i">05-13935</subfield>
      <subfield code="g">40</subfield>
      <subfield code="o">V101.1(091) S445g</subfield>
      <subfield code="e">Migracion UARG</subfield>
      <subfield code="8">MM</subfield>
    </datafield>
  </record>