
  <record>
    <leader>01000aam  22002601a 4500</leader>
    <controlfield tag="001">YPZ92831</controlfield>
    <controlfield tag="003">YPZ</controlfield>
    <controlfield tag="005">201005061651550</controlfield>
    <controlfield tag="008">100506|###########||||||b||||||||||spa|d</controlfield>
    <datafield tag="040" ind1=" " ind2=" ">
      <subfield code="c">SIUNPA</subfield>
    </datafield>
    <datafield tag="041" ind1=" " ind2=" ">
      <subfield code="a">spa</subfield>
    </datafield>
    <datafield tag="044" ind1=" " ind2=" ">
      <subfield code="a">AR</subfield>
    </datafield>
    <datafield tag="080" ind1=" " ind2=" ">
      <subfield code="a">V94(82) O694o</subfield>
    </datafield>
    <datafield tag="245" ind1=" " ind2=" ">
      <subfield code="a">Orígenes hispano indígenas</subfield>
    </datafield>
    <datafield tag="260" ind1=" " ind2=" ">
      <subfield code="a">Buenos Aires</subfield>
      <subfield code="b"> : Programas Santa Clara</subfield>
      <subfield code="c"> , [199-]</subfield>
    </datafield>
    <datafield tag="650" ind1=" " ind2=" ">
      <subfield code="a"> HISTORIA ARGENTINA</subfield>
    </datafield>
    <datafield tag="942" ind1=" " ind2=" ">
      <subfield code="c">VD</subfield>
    </datafield>
    <datafield tag="952" ind1=" " ind2=" ">
      <subfield code="a">BIB_RECT</subfield>
      <subfield code="b">BIB_UACO</subfield>
      <subfield code="d">2010-05-06</subfield>
      <subfield code="y">VD</subfield>
      <subfield code="p">02-06156</subfield>
      <subfield code="i">02-06156</subfield>
      <subfield code="g">44</subfield>
      <subfield code="o">V94(82) O694o</subfield>
      <subfield code="e">Desconocido</subfield>
      <subfield code="8">MM</subfield>
    </datafield>
  </record>