
  <record>
    <leader>01000aam  22002601a 4500</leader>
    <controlfield tag="001">YPZ93002</controlfield>
    <controlfield tag="003">YPZ</controlfield>
    <controlfield tag="005">201006031918240</controlfield>
    <controlfield tag="008">100603|###########||||||b||||||||||spa|d</controlfield>
    <datafield tag="040" ind1=" " ind2=" ">
      <subfield code="c">SIUNPA</subfield>
    </datafield>
    <datafield tag="041" ind1=" " ind2=" ">
      <subfield code="a">spa</subfield>
    </datafield>
    <datafield tag="044" ind1=" " ind2=" ">
      <subfield code="a">AR</subfield>
    </datafield>
    <datafield tag="080" ind1=" " ind2=" ">
      <subfield code="a">V791.43(460) A451q</subfield>
    </datafield>
    <datafield tag="245" ind1=" " ind2=" ">
      <subfield code="a">¿Qué he hecho yo para merecer esto?</subfield>
      <subfield code="c"> / Almodóvar, Pedro, dir.</subfield>
    </datafield>
    <datafield tag="260" ind1=" " ind2=" ">
      <subfield code="a">Buenos Aires</subfield>
      <subfield code="b"> : Página/30</subfield>
      <subfield code="c"> , [1984]</subfield>
    </datafield>
    <datafield tag="440" ind1=" " ind2=" ">
      <subfield code="a">Videoteca Educable</subfield>
      <subfield code="a">Videoteca Educable</subfield>
      <subfield code="a">Videoteca Educable</subfield>
      <subfield code="a">Videoteca Educable</subfield>
      <subfield code="a">Videoteca Educable</subfield>
      <subfield code="a">Videoteca Educable</subfield>
      <subfield code="a">Videoteca Educable</subfield>
      <subfield code="a">Videoteca Educable</subfield>
      <subfield code="a">Videoteca Educable</subfield>
      <subfield code="a">Videoteca Educable</subfield>
      <subfield code="a">Videoteca Educable</subfield>
      <subfield code="a">Videoteca Educable</subfield>
      <subfield code="a">Videoteca Educable</subfield>
      <subfield code="a">Videoteca Educable</subfield>
      <subfield code="a">Videoteca Educable</subfield>
      <subfield code="a">Videoteca Educable</subfield>
      <subfield code="a">Videoteca Educable</subfield>
      <subfield code="a">Videoteca Educable</subfield>
      <subfield code="a">Videoteca Educable</subfield>
      <subfield code="a">Videoteca Educable</subfield>
      <subfield code="a">Videoteca Educable</subfield>
      <subfield code="a">Videoteca Educable</subfield>
      <subfield code="a">Videoteca Educable</subfield>
      <subfield code="a">Videoteca Educable</subfield>
      <subfield code="a">Videoteca Educable</subfield>
      <subfield code="a">Videoteca Educable</subfield>
      <subfield code="a">Videoteca Página/30</subfield>
      <subfield code="v">26</subfield>
    </datafield>
    <datafield tag="490" ind1=" " ind2=" ">
      <subfield code="a">Videoteca Educable</subfield>
      <subfield code="a">Videoteca Educable</subfield>
      <subfield code="a">Videoteca Educable</subfield>
      <subfield code="a">Videoteca Educable</subfield>
      <subfield code="a">Videoteca Educable</subfield>
      <subfield code="a">Videoteca Educable</subfield>
      <subfield code="a">Videoteca Educable</subfield>
      <subfield code="a">Videoteca Educable</subfield>
      <subfield code="a">Videoteca Educable</subfield>
      <subfield code="a">Videoteca Educable</subfield>
      <subfield code="a">Videoteca Educable</subfield>
      <subfield code="a">Videoteca Educable</subfield>
      <subfield code="a">Videoteca Educable</subfield>
      <subfield code="a">Videoteca Educable</subfield>
      <subfield code="a">Videoteca Educable</subfield>
      <subfield code="a">Videoteca Educable</subfield>
      <subfield code="a">Videoteca Educable</subfield>
      <subfield code="a">Videoteca Educable</subfield>
      <subfield code="a">Videoteca Educable</subfield>
      <subfield code="a">Videoteca Educable</subfield>
      <subfield code="a">Videoteca Educable</subfield>
      <subfield code="a">Videoteca Educable</subfield>
      <subfield code="a">Videoteca Educable</subfield>
      <subfield code="a">Videoteca Educable</subfield>
      <subfield code="a">Videoteca Educable</subfield>
      <subfield code="a">Videoteca Educable</subfield>
      <subfield code="a">Videoteca Página/30</subfield>
      <subfield code="v">26</subfield>
    </datafield>
    <datafield tag="500" ind1=" " ind2=" ">
      <subfield code="a">Intérpretes: Carmen Maura, Chus Lampreave, Veronica Forque</subfield>
    </datafield>
    <datafield tag="650" ind1=" " ind2=" ">
      <subfield code="a"> CINE ESPAÑOL</subfield>
    </datafield>
    <datafield tag="650" ind1=" " ind2=" ">
      <subfield code="a"> COMEDIA</subfield>
    </datafield>
    <datafield tag="942" ind1=" " ind2=" ">
      <subfield code="c">VD</subfield>
    </datafield>
    <datafield tag="952" ind1=" " ind2=" ">
      <subfield code="a">BIB_RECT</subfield>
      <subfield code="b">BIB_UARG</subfield>
      <subfield code="d">2010-05-05</subfield>
      <subfield code="y">VD</subfield>
      <subfield code="p">05-39331</subfield>
      <subfield code="i">05-39331</subfield>
      <subfield code="g">35</subfield>
      <subfield code="o">V791.43(460) A451q</subfield>
      <subfield code="e">Donación Spina, Daniel</subfield>
      <subfield code="8">MM</subfield>
    </datafield>
  </record>