
  <record>
    <leader>01000aam  22002601a 4500</leader>
    <controlfield tag="001">YPZ95291</controlfield>
    <controlfield tag="003">YPZ</controlfield>
    <controlfield tag="005">201205301556110</controlfield>
    <controlfield tag="008">120530|###########||||||b||||||||||spa|d</controlfield>
    <datafield tag="040" ind1=" " ind2=" ">
      <subfield code="c">SIUNPA</subfield>
    </datafield>
    <datafield tag="041" ind1=" " ind2=" ">
      <subfield code="a">spa</subfield>
    </datafield>
    <datafield tag="044" ind1=" " ind2=" ">
      <subfield code="a">AR</subfield>
    </datafield>
    <datafield tag="080" ind1=" " ind2=" ">
      <subfield code="a">V37.02 P584e</subfield>
    </datafield>
    <datafield tag="245" ind1=" " ind2=" ">
      <subfield code="a">La escuela de la señorita Olga</subfield>
      <subfield code="c"> / Piazza, Mario, dir.</subfield>
    </datafield>
    <datafield tag="260" ind1=" " ind2=" ">
      <subfield code="a">[Buenos Aires?]</subfield>
      <subfield code="b"> : [RTC]</subfield>
      <subfield code="c"> , [201?]</subfield>
    </datafield>
    <datafield tag="500" ind1=" " ind2=" ">
      <subfield code="a">Fotografía y cámara: Tristán Bauer - Sonido directo: Eduardo Safigueroa - Montaje: Laura Bua y Mario Piazza</subfield>
    </datafield>
    <datafield tag="500" ind1=" " ind2=" ">
      <subfield code="a">Filmaciones tomadas del Canal Encuentro</subfield>
    </datafield>
    <datafield tag="650" ind1=" " ind2=" ">
      <subfield code="a"> HISTORIA DE LA EDUCACION</subfield>
    </datafield>
    <datafield tag="650" ind1=" " ind2=" ">
      <subfield code="a"> ESTRATEGIAS EDUCACIONALES</subfield>
    </datafield>
    <datafield tag="650" ind1=" " ind2=" ">
      <subfield code="a"> FINALIDADES DE LA EDUCACION</subfield>
    </datafield>
    <datafield tag="650" ind1=" " ind2=" ">
      <subfield code="a"> COSSETTINI, OLGA (1898</subfield>
    </datafield>
    <datafield tag="650" ind1=" " ind2=" ">
      <subfield code="a">1987)</subfield>
    </datafield>
    <datafield tag="650" ind1=" " ind2=" ">
      <subfield code="a"> ARGENTINA</subfield>
    </datafield>
    <datafield tag="942" ind1=" " ind2=" ">
      <subfield code="c">VD</subfield>
    </datafield>
    <datafield tag="952" ind1=" " ind2=" ">
      <subfield code="a">BIB_RECT</subfield>
      <subfield code="b">BIB_UASJ</subfield>
      <subfield code="d">2012-05-30</subfield>
      <subfield code="y">VD</subfield>
      <subfield code="p">04-42603</subfield>
      <subfield code="i">04-42603</subfield>
      <subfield code="g">59</subfield>
      <subfield code="o">V37.02 P584e</subfield>
      <subfield code="e">Sec. Extensión</subfield>
      <subfield code="8">MM</subfield>
    </datafield>
    <datafield tag="952" ind1=" " ind2=" ">
      <subfield code="a">BIB_RECT</subfield>
      <subfield code="b">BIB_UASJ</subfield>
      <subfield code="d">2012-05-30</subfield>
      <subfield code="y">VD</subfield>
      <subfield code="p">04-42604</subfield>
      <subfield code="i">04-42604</subfield>
      <subfield code="g">59</subfield>
      <subfield code="o">V37.02 P584e</subfield>
      <subfield code="e">Sec. Extensión</subfield>
      <subfield code="8">MM</subfield>
    </datafield>
  </record>