
  <record>
    <leader>01000aam  22002601a 4500</leader>
    <controlfield tag="001">YPZ95292</controlfield>
    <controlfield tag="003">YPZ</controlfield>
    <controlfield tag="005">201205301609180</controlfield>
    <controlfield tag="008">120530|###########||||||b||||||||||spa|d</controlfield>
    <datafield tag="040" ind1=" " ind2=" ">
      <subfield code="c">SIUNPA</subfield>
    </datafield>
    <datafield tag="041" ind1=" " ind2=" ">
      <subfield code="a">spa</subfield>
    </datafield>
    <datafield tag="044" ind1=" " ind2=" ">
      <subfield code="a">AR</subfield>
    </datafield>
    <datafield tag="080" ind1=" " ind2=" ">
      <subfield code="a">V791.43(82) P436d</subfield>
    </datafield>
    <datafield tag="245" ind1=" " ind2=" ">
      <subfield code="a">La deuda interna</subfield>
      <subfield code="c"> / Pereira, Miguel, dir.</subfield>
    </datafield>
    <datafield tag="260" ind1=" " ind2=" ">
      <subfield code="a">[Buenos Aires?]</subfield>
      <subfield code="b"> : [s.n.]</subfield>
      <subfield code="c"> , [201?]</subfield>
    </datafield>
    <datafield tag="500" ind1=" " ind2=" ">
      <subfield code="a">Guión: Miguel Pereira, Eduardo Leiva Muller</subfield>
    </datafield>
    <datafield tag="500" ind1=" " ind2=" ">
      <subfield code="a">Intérpretes: Juan José Camero, Gonzalo Morales, René Olaguivel, Guillermo Delgado, Leopoldo Abán,  Ana María González</subfield>
    </datafield>
    <datafield tag="500" ind1=" " ind2=" ">
      <subfield code="a">Fotografía: Gerry Feeny</subfield>
    </datafield>
    <datafield tag="500" ind1=" " ind2=" ">
      <subfield code="a">Música: Jaime Torres</subfield>
    </datafield>
    <datafield tag="500" ind1=" " ind2=" ">
      <subfield code="a">Basada en la novela de Fortunato Ramos</subfield>
    </datafield>
    <datafield tag="500" ind1=" " ind2=" ">
      <subfield code="a">Premio: Festival de cine de Berlín 1988 Oso de Plata</subfield>
    </datafield>
    <datafield tag="650" ind1=" " ind2=" ">
      <subfield code="a"> CINE ARGENTINO</subfield>
    </datafield>
    <datafield tag="650" ind1=" " ind2=" ">
      <subfield code="a"> DRAMA</subfield>
    </datafield>
    <datafield tag="942" ind1=" " ind2=" ">
      <subfield code="c">VD</subfield>
    </datafield>
    <datafield tag="952" ind1=" " ind2=" ">
      <subfield code="a">BIB_RECT</subfield>
      <subfield code="b">BIB_UASJ</subfield>
      <subfield code="d">2012-05-30</subfield>
      <subfield code="y">VD</subfield>
      <subfield code="p">04-42601</subfield>
      <subfield code="i">04-42601</subfield>
      <subfield code="g">50</subfield>
      <subfield code="o">V791.43(82) P436d</subfield>
      <subfield code="e">Sec. de Extensión</subfield>
      <subfield code="8">MM</subfield>
    </datafield>
    <datafield tag="952" ind1=" " ind2=" ">
      <subfield code="a">BIB_RECT</subfield>
      <subfield code="b">BIB_UASJ</subfield>
      <subfield code="d">2012-05-30</subfield>
      <subfield code="y">VD</subfield>
      <subfield code="p">04-42602</subfield>
      <subfield code="i">04-42602</subfield>
      <subfield code="g">50</subfield>
      <subfield code="o">V791.43(82) P436d</subfield>
      <subfield code="e">Sec. de Extensión</subfield>
      <subfield code="8">MM</subfield>
    </datafield>
  </record>