
  <record>
    <leader>01000aam  22002601a 4500</leader>
    <controlfield tag="001">YPZ95420</controlfield>
    <controlfield tag="003">YPZ</controlfield>
    <controlfield tag="005">201206151613200</controlfield>
    <controlfield tag="008">120615|###########||||||b||||||||||spa|d</controlfield>
    <datafield tag="020" ind1=" " ind2=" ">
      <subfield code="a">9504359264 (t.1)</subfield>
    </datafield>
    <datafield tag="020" ind1=" " ind2=" ">
      <subfield code="a">9504359264 (t.2)</subfield>
    </datafield>
    <datafield tag="020" ind1=" " ind2=" ">
      <subfield code="a">9504359272 (t.3)</subfield>
    </datafield>
    <datafield tag="020" ind1=" " ind2=" ">
      <subfield code="a">9504368956 (t.4)</subfield>
    </datafield>
    <datafield tag="040" ind1=" " ind2=" ">
      <subfield code="c">SIUNPA</subfield>
    </datafield>
    <datafield tag="041" ind1=" " ind2=" ">
      <subfield code="a">spa</subfield>
    </datafield>
    <datafield tag="044" ind1=" " ind2=" ">
      <subfield code="a">AR</subfield>
    </datafield>
    <datafield tag="080" ind1=" " ind2=" ">
      <subfield code="a">V94(82) P632h</subfield>
    </datafield>
    <datafield tag="245" ind1=" " ind2=" ">
      <subfield code="a">Historia Argentina</subfield>
      <subfield code="b"> : procesos socioeconómicos políticos y culturales</subfield>
      <subfield code="c"> / Pigna, Felipe, dir., producción general y guión ; Dino, Marta, guión ; Mora, Carlos, guión ; Povarchik, Sol, guión</subfield>
    </datafield>
    <datafield tag="260" ind1=" " ind2=" ">
      <subfield code="a">Buenos Aires</subfield>
      <subfield code="b"> : Diana Producciones</subfield>
      <subfield code="c"> , 1994, 1996-1997</subfield>
    </datafield>
    <datafield tag="500" ind1=" " ind2=" ">
      <subfield code="a">Contenido: t.1. 1880-1930 -- t.2. 1930-1955 -- t.3. 1955-1976 -- t.4. 1976-1983</subfield>
    </datafield>
    <datafield tag="650" ind1=" " ind2=" ">
      <subfield code="a"> HISTORIA ARGENTINA</subfield>
    </datafield>
    <datafield tag="942" ind1=" " ind2=" ">
      <subfield code="c">VD</subfield>
    </datafield>
    <datafield tag="952" ind1=" " ind2=" ">
      <subfield code="a">BIB_RECT</subfield>
      <subfield code="b">BIB_UART</subfield>
      <subfield code="d">2012-06-07</subfield>
      <subfield code="y">VD</subfield>
      <subfield code="p">03-01369</subfield>
      <subfield code="i">03-01369</subfield>
      <subfield code="g">45</subfield>
      <subfield code="o">V94(82) P632h</subfield>
      <subfield code="e">FOMEC-FAC N° 365/00</subfield>
      <subfield code="8">MM</subfield>
    </datafield>
    <datafield tag="952" ind1=" " ind2=" ">
      <subfield code="a">BIB_RECT</subfield>
      <subfield code="b">BIB_UART</subfield>
      <subfield code="d">2012-06-07</subfield>
      <subfield code="y">VD</subfield>
      <subfield code="p">03-01370</subfield>
      <subfield code="i">03-01370</subfield>
      <subfield code="g">45</subfield>
      <subfield code="o">V94(82) P632h</subfield>
      <subfield code="e">FOMEC-FAC N° 365/00</subfield>
      <subfield code="8">MM</subfield>
    </datafield>
    <datafield tag="952" ind1=" " ind2=" ">
      <subfield code="a">BIB_RECT</subfield>
      <subfield code="b">BIB_UART</subfield>
      <subfield code="d">2012-06-07</subfield>
      <subfield code="y">VD</subfield>
      <subfield code="p">03-01371</subfield>
      <subfield code="i">03-01371</subfield>
      <subfield code="g">45</subfield>
      <subfield code="o">V94(82) P632h</subfield>
      <subfield code="e">FOMEC-FAC N° 365/00</subfield>
      <subfield code="8">MM</subfield>
    </datafield>
    <datafield tag="952" ind1=" " ind2=" ">
      <subfield code="a">BIB_RECT</subfield>
      <subfield code="b">BIB_UART</subfield>
      <subfield code="d">2012-06-07</subfield>
      <subfield code="y">VD</subfield>
      <subfield code="p">03-01372</subfield>
      <subfield code="i">03-01372</subfield>
      <subfield code="g">45</subfield>
      <subfield code="o">V94(82) P632h</subfield>
      <subfield code="e">FOMEC-FAC N° 365/00</subfield>
      <subfield code="8">MM</subfield>
    </datafield>
    <datafield tag="952" ind1=" " ind2=" ">
      <subfield code="a">BIB_RECT</subfield>
      <subfield code="b">BIB_UASJ</subfield>
      <subfield code="d">2012-06-07</subfield>
      <subfield code="y">VD</subfield>
      <subfield code="p">04-42694</subfield>
      <subfield code="i">04-42694</subfield>
      <subfield code="g">45</subfield>
      <subfield code="o">V94(82) P632h</subfield>
      <subfield code="e">Migración UASJ</subfield>
      <subfield code="8">MM</subfield>
    </datafield>
    <datafield tag="952" ind1=" " ind2=" ">
      <subfield code="a">BIB_RECT</subfield>
      <subfield code="b">BIB_UASJ</subfield>
      <subfield code="d">2012-06-07</subfield>
      <subfield code="y">VD</subfield>
      <subfield code="p">04-42695</subfield>
      <subfield code="i">04-42695</subfield>
      <subfield code="g">45</subfield>
      <subfield code="o">V94(82) P632h</subfield>
      <subfield code="e">Migración UASJ</subfield>
      <subfield code="8">MM</subfield>
    </datafield>
    <datafield tag="952" ind1=" " ind2=" ">
      <subfield code="a">BIB_RECT</subfield>
      <subfield code="b">BIB_UASJ</subfield>
      <subfield code="d">2012-06-07</subfield>
      <subfield code="y">VD</subfield>
      <subfield code="p">04-42696</subfield>
      <subfield code="i">04-42696</subfield>
      <subfield code="g">45</subfield>
      <subfield code="o">V94(82) P632h</subfield>
      <subfield code="e">Migración UASJ</subfield>
      <subfield code="8">MM</subfield>
    </datafield>
    <datafield tag="952" ind1=" " ind2=" ">
      <subfield code="a">BIB_RECT</subfield>
      <subfield code="b">BIB_UASJ</subfield>
      <subfield code="d">2012-06-07</subfield>
      <subfield code="y">VD</subfield>
      <subfield code="p">04-42697</subfield>
      <subfield code="i">04-42697</subfield>
      <subfield code="g">45</subfield>
      <subfield code="o">V94(82) P632h</subfield>
      <subfield code="e">Migración UASJ</subfield>
      <subfield code="8">MM</subfield>
    </datafield>
    <datafield tag="952" ind1=" " ind2=" ">
      <subfield code="a">BIB_RECT</subfield>
      <subfield code="b">BIB_UASJ</subfield>
      <subfield code="d">2012-06-07</subfield>
      <subfield code="y">VD</subfield>
      <subfield code="p">04-42698</subfield>
      <subfield code="i">04-42698</subfield>
      <subfield code="g">45</subfield>
      <subfield code="o">V94(82) P632h</subfield>
      <subfield code="e">Migración UASJ</subfield>
      <subfield code="8">MM</subfield>
    </datafield>
    <datafield tag="952" ind1=" " ind2=" ">
      <subfield code="a">BIB_RECT</subfield>
      <subfield code="b">BIB_UASJ</subfield>
      <subfield code="d">2012-06-07</subfield>
      <subfield code="y">VD</subfield>
      <subfield code="p">04-42699</subfield>
      <subfield code="i">04-42699</subfield>
      <subfield code="g">45</subfield>
      <subfield code="o">V94(82) P632h</subfield>
      <subfield code="e">Migración UASJ</subfield>
      <subfield code="8">MM</subfield>
    </datafield>
    <datafield tag="952" ind1=" " ind2=" ">
      <subfield code="a">BIB_RECT</subfield>
      <subfield code="b">BIB_UASJ</subfield>
      <subfield code="d">2012-06-07</subfield>
      <subfield code="y">VD</subfield>
      <subfield code="p">04-42700</subfield>
      <subfield code="i">04-42700</subfield>
      <subfield code="g">45</subfield>
      <subfield code="o">V94(82) P632h</subfield>
      <subfield code="e">Migración UASJ</subfield>
      <subfield code="8">MM</subfield>
    </datafield>
    <datafield tag="952" ind1=" " ind2=" ">
      <subfield code="a">BIB_RECT</subfield>
      <subfield code="b">BIB_UASJ</subfield>
      <subfield code="d">2012-06-07</subfield>
      <subfield code="y">VD</subfield>
      <subfield code="p">04-42701</subfield>
      <subfield code="i">04-42701</subfield>
      <subfield code="g">45</subfield>
      <subfield code="o">V94(82) P632h</subfield>
      <subfield code="e">Migración UASJ</subfield>
      <subfield code="8">MM</subfield>
    </datafield>
    <datafield tag="952" ind1=" " ind2=" ">
      <subfield code="a">BIB_RECT</subfield>
      <subfield code="b">BIB_UASJ</subfield>
      <subfield code="d">2012-06-07</subfield>
      <subfield code="y">VD</subfield>
      <subfield code="p">04-42702</subfield>
      <subfield code="i">04-42702</subfield>
      <subfield code="g">45</subfield>
      <subfield code="o">V94(82) P632h</subfield>
      <subfield code="e">Migración UASJ</subfield>
      <subfield code="8">MM</subfield>
    </datafield>
    <datafield tag="952" ind1=" " ind2=" ">
      <subfield code="a">BIB_RECT</subfield>
      <subfield code="b">BIB_UASJ</subfield>
      <subfield code="d">2012-06-07</subfield>
      <subfield code="y">VD</subfield>
      <subfield code="p">04-42703</subfield>
      <subfield code="i">04-42703</subfield>
      <subfield code="g">45</subfield>
      <subfield code="o">V94(82) P632h</subfield>
      <subfield code="e">Migración UASJ</subfield>
      <subfield code="8">MM</subfield>
    </datafield>
    <datafield tag="952" ind1=" " ind2=" ">
      <subfield code="a">BIB_RECT</subfield>
      <subfield code="b">BIB_UASJ</subfield>
      <subfield code="d">2012-06-07</subfield>
      <subfield code="y">VD</subfield>
      <subfield code="p">04-42704</subfield>
      <subfield code="i">04-42704</subfield>
      <subfield code="g">45</subfield>
      <subfield code="o">V94(82) P632h</subfield>
      <subfield code="e">Migración UASJ</subfield>
      <subfield code="8">MM</subfield>
    </datafield>
    <datafield tag="952" ind1=" " ind2=" ">
      <subfield code="a">BIB_RECT</subfield>
      <subfield code="b">BIB_UASJ</subfield>
      <subfield code="d">2012-06-07</subfield>
      <subfield code="y">VD</subfield>
      <subfield code="p">04-42705</subfield>
      <subfield code="i">04-42705</subfield>
      <subfield code="g">45</subfield>
      <subfield code="o">V94(82) P632h</subfield>
      <subfield code="e">Migración UASJ</subfield>
      <subfield code="8">MM</subfield>
    </datafield>
    <datafield tag="952" ind1=" " ind2=" ">
      <subfield code="a">BIB_RECT</subfield>
      <subfield code="b">BIB_UARG</subfield>
      <subfield code="d">2012-06-07</subfield>
      <subfield code="y">VD</subfield>
      <subfield code="p">05-13916</subfield>
      <subfield code="i">05-13916</subfield>
      <subfield code="g">45</subfield>
      <subfield code="o">V94(82) P632h</subfield>
      <subfield code="e">Migración UARG</subfield>
      <subfield code="8">MM</subfield>
    </datafield>
    <datafield tag="952" ind1=" " ind2=" ">
      <subfield code="a">BIB_RECT</subfield>
      <subfield code="b">BIB_UARG</subfield>
      <subfield code="d">2012-06-07</subfield>
      <subfield code="y">VD</subfield>
      <subfield code="p">05-13917</subfield>
      <subfield code="i">05-13917</subfield>
      <subfield code="g">45</subfield>
      <subfield code="o">V94(82) P632h</subfield>
      <subfield code="e">Migración UARG</subfield>
      <subfield code="8">MM</subfield>
    </datafield>
    <datafield tag="952" ind1=" " ind2=" ">
      <subfield code="a">BIB_RECT</subfield>
      <subfield code="b">BIB_UARG</subfield>
      <subfield code="d">2012-06-07</subfield>
      <subfield code="y">VD</subfield>
      <subfield code="p">05-13918</subfield>
      <subfield code="i">05-13918</subfield>
      <subfield code="g">45</subfield>
      <subfield code="o">V94(82) P632h</subfield>
      <subfield code="e">Migración UARG</subfield>
      <subfield code="8">MM</subfield>
    </datafield>
    <datafield tag="952" ind1=" " ind2=" ">
      <subfield code="a">BIB_RECT</subfield>
      <subfield code="b">BIB_UARG</subfield>
      <subfield code="d">2012-06-07</subfield>
      <subfield code="y">VD</subfield>
      <subfield code="p">05-13919</subfield>
      <subfield code="i">05-13919</subfield>
      <subfield code="g">45</subfield>
      <subfield code="o">V94(82) P632h</subfield>
      <subfield code="e">Migración UARG</subfield>
      <subfield code="8">MM</subfield>
    </datafield>
  </record>