
  <record>
    <leader>01000aam  22002601a 4500</leader>
    <controlfield tag="001">YPZ95794</controlfield>
    <controlfield tag="003">YPZ</controlfield>
    <controlfield tag="005">201208151842210</controlfield>
    <controlfield tag="008">120815|###########||||||b||||||||||spa|d</controlfield>
    <datafield tag="040" ind1=" " ind2=" ">
      <subfield code="c">SIUNPA</subfield>
    </datafield>
    <datafield tag="041" ind1=" " ind2=" ">
      <subfield code="a">spa</subfield>
    </datafield>
    <datafield tag="044" ind1=" " ind2=" ">
      <subfield code="a">AR</subfield>
    </datafield>
    <datafield tag="080" ind1=" " ind2=" ">
      <subfield code="a">V616.98 C966c</subfield>
    </datafield>
    <datafield tag="245" ind1=" " ind2=" ">
      <subfield code="a">Cuidado y tratamiento de las enfermedades infecciosas oportunistas</subfield>
      <subfield code="b"> : virus HIV</subfield>
    </datafield>
    <datafield tag="260" ind1=" " ind2=" ">
      <subfield code="a">Buenos Aires</subfield>
      <subfield code="b"> : Educable</subfield>
      <subfield code="c"> , [198-?]</subfield>
    </datafield>
    <datafield tag="650" ind1=" " ind2=" ">
      <subfield code="a"> SIDA</subfield>
    </datafield>
    <datafield tag="650" ind1=" " ind2=" ">
      <subfield code="a"> EDUCACION PARA LA PREVENCION DEL SIDA</subfield>
    </datafield>
    <datafield tag="942" ind1=" " ind2=" ">
      <subfield code="c">VD</subfield>
    </datafield>
    <datafield tag="952" ind1=" " ind2=" ">
      <subfield code="a">BIB_RECT</subfield>
      <subfield code="b">BIB_UACO</subfield>
      <subfield code="d">2012-08-15</subfield>
      <subfield code="y">VD</subfield>
      <subfield code="p">02-06561</subfield>
      <subfield code="i">02-06561</subfield>
      <subfield code="g">44</subfield>
      <subfield code="o">V616.98 C966c</subfield>
      <subfield code="e">Desconocida</subfield>
      <subfield code="8">MM</subfield>
    </datafield>
  </record>