
  <record>
    <leader>01000aam  22002601a 4500</leader>
    <controlfield tag="001">YPZ96909</controlfield>
    <controlfield tag="003">YPZ</controlfield>
    <controlfield tag="005">201302181127020</controlfield>
    <controlfield tag="008">130218|###########||||||b||||||||||spa|d</controlfield>
    <datafield tag="040" ind1=" " ind2=" ">
      <subfield code="c">SIUNPA</subfield>
    </datafield>
    <datafield tag="041" ind1=" " ind2=" ">
      <subfield code="a">spa</subfield>
    </datafield>
    <datafield tag="044" ind1=" " ind2=" ">
      <subfield code="a">AR</subfield>
    </datafield>
    <datafield tag="080" ind1=" " ind2=" ">
      <subfield code="a">V94(829.1) S232i</subfield>
    </datafield>
    <datafield tag="100" ind1=" " ind2=" ">
      <subfield code="a">Santangolo, Pablo, guión y dir..</subfield>
    </datafield>
    <datafield tag="245" ind1=" " ind2=" ">
      <subfield code="a">Informe Rattenbach</subfield>
      <subfield code="b"> : Malvinas, la historia de la usurpación</subfield>
    </datafield>
    <datafield tag="260" ind1=" " ind2=" ">
      <subfield code="a">Buenos Aires</subfield>
      <subfield code="b"> : Ministerio de Educación de la Nación</subfield>
      <subfield code="c"> , 2006</subfield>
    </datafield>
    <datafield tag="505" ind1=" " ind2=" ">
      <subfield code="a">Relato: Pablo Echarri</subfield>
    </datafield>
    <datafield tag="505" ind1=" " ind2=" ">
      <subfield code="a">Documental. Narra la historia de 180 años de usurpación, la cuestión Malvinas en la diplomacia, la causa Malvinas hoy y, exclusiva, la desclasificación del informe Rattenbach</subfield>
    </datafield>
    <datafield tag="650" ind1=" " ind2=" ">
      <subfield code="a"> HISTORIA ARGENTINA  ISLAS MALVINAS</subfield>
    </datafield>
    <datafield tag="650" ind1=" " ind2=" ">
      <subfield code="a"> GUERRA DE MALVINAS </subfield>
    </datafield>
    <datafield tag="650" ind1=" " ind2=" ">
      <subfield code="a"> RATTENBACH, BENJAMIN (1898</subfield>
    </datafield>
    <datafield tag="650" ind1=" " ind2=" ">
      <subfield code="a">1984)</subfield>
    </datafield>
    <datafield tag="650" ind1=" " ind2=" ">
      <subfield code="a"> CONFLICTO INTERNACIONAL</subfield>
    </datafield>
    <datafield tag="650" ind1=" " ind2=" ">
      <subfield code="a"> SIGLO XX</subfield>
    </datafield>
    <datafield tag="942" ind1=" " ind2=" ">
      <subfield code="c">VD</subfield>
    </datafield>
    <datafield tag="952" ind1=" " ind2=" ">
      <subfield code="a">BIB_RECT</subfield>
      <subfield code="b">BIB_UACO</subfield>
      <subfield code="d">2013-02-18</subfield>
      <subfield code="y">VD</subfield>
      <subfield code="p">02-43866</subfield>
      <subfield code="i">02-43866</subfield>
      <subfield code="g">44</subfield>
      <subfield code="o">V94(829.1) S232i</subfield>
      <subfield code="e">Don. Lic. Villagra, Ariela</subfield>
      <subfield code="8">MM</subfield>
    </datafield>
    <datafield tag="952" ind1=" " ind2=" ">
      <subfield code="a">BIB_RECT</subfield>
      <subfield code="b">BIB_UACO</subfield>
      <subfield code="d">2013-02-18</subfield>
      <subfield code="y">VD</subfield>
      <subfield code="p">02-43867</subfield>
      <subfield code="i">02-43867</subfield>
      <subfield code="g">44</subfield>
      <subfield code="o">V94(829.1) S232i</subfield>
      <subfield code="e">Don. Lic. Villagra, Ariela</subfield>
      <subfield code="8">MM</subfield>
    </datafield>
  </record>