
  <record>
    <leader>01000aam  22002601a 4500</leader>
    <controlfield tag="001">YPZ98556</controlfield>
    <controlfield tag="003">YPZ</controlfield>
    <controlfield tag="005">201406091118320</controlfield>
    <controlfield tag="008">140609|###########||||||b||||||||||spa|d</controlfield>
    <datafield tag="040" ind1=" " ind2=" ">
      <subfield code="c">SIUNPA</subfield>
    </datafield>
    <datafield tag="041" ind1=" " ind2=" ">
      <subfield code="a">spa</subfield>
    </datafield>
    <datafield tag="044" ind1=" " ind2=" ">
      <subfield code="a">AR</subfield>
    </datafield>
    <datafield tag="080" ind1=" " ind2=" ">
      <subfield code="a">V37(091) W177e</subfield>
    </datafield>
    <datafield tag="100" ind1=" " ind2=" ">
      <subfield code="a">Walker, Pablo Alejandro, realización.</subfield>
    </datafield>
    <datafield tag="245" ind1=" " ind2=" ">
      <subfield code="a">La enseñanza clausurada</subfield>
      <subfield code="b"> : creación, obra y clausura del Instituto de Enseñanza Secundaria de Río Gallegos (1921-1932)</subfield>
    </datafield>
    <datafield tag="260" ind1=" " ind2=" ">
      <subfield code="a">Puerto San Julián</subfield>
      <subfield code="b"> : Laboratorio de Medios Audiovisuales</subfield>
      <subfield code="b"> : AHEPA, Área Historia de la Educación en la Patagonia Austral</subfield>
      <subfield code="b"> : Unidad Académica San Julián, UASJ</subfield>
      <subfield code="c"> , 2013</subfield>
    </datafield>
    <datafield tag="500" ind1=" " ind2=" ">
      <subfield code="a">Entrevistados: Aixa Bona, María de los Milagros Pierini, Dina Noemí Rozas, Juan Ramón Vilaboa, Ariel Nicolás Sarasa, Ángela Gerónima Sureda</subfield>
    </datafield>
    <datafield tag="500" ind1=" " ind2=" ">
      <subfield code="a">Relatos: Alejandro Granero, Karina Ojeda</subfield>
    </datafield>
    <datafield tag="500" ind1=" " ind2=" ">
      <subfield code="a">Entrevistas: Alejandro Granero, Pablo Alejandro Walker</subfield>
    </datafield>
    <datafield tag="500" ind1=" " ind2=" ">
      <subfield code="a">Digitalización de audio: Cristian Troncoso</subfield>
    </datafield>
    <datafield tag="500" ind1=" " ind2=" ">
      <subfield code="a">Música: Héctor 'Cuchu' Rodríguez, Eduardo Guajardo, Kevin MacLeod</subfield>
    </datafield>
    <datafield tag="500" ind1=" " ind2=" ">
      <subfield code="a">Guión: Ariel S. Sarasa, Dina Noemí Rozas, María de los Milagros Pierini</subfield>
    </datafield>
    <datafield tag="650" ind1=" " ind2=" ">
      <subfield code="a"> HISTORIA DE LA EDUCACION</subfield>
    </datafield>
    <datafield tag="650" ind1=" " ind2=" ">
      <subfield code="a"> ENSEÑANZA SECUNDARIA</subfield>
    </datafield>
    <datafield tag="650" ind1=" " ind2=" ">
      <subfield code="a"> SANTA CRUZ(ARGENTINA)</subfield>
    </datafield>
    <datafield tag="650" ind1=" " ind2=" ">
      <subfield code="a"> ARGENTINA</subfield>
    </datafield>
    <datafield tag="942" ind1=" " ind2=" ">
      <subfield code="c">VD</subfield>
    </datafield>
    <datafield tag="952" ind1=" " ind2=" ">
      <subfield code="a">BIB_RECT</subfield>
      <subfield code="b">BIB_UASJ</subfield>
      <subfield code="d">2014-06-09</subfield>
      <subfield code="y">VD</subfield>
      <subfield code="p">04-46212</subfield>
      <subfield code="i">04-46212</subfield>
      <subfield code="g">98</subfield>
      <subfield code="o">V37(091) W177e</subfield>
      <subfield code="e">Donación</subfield>
      <subfield code="8">MM</subfield>
    </datafield>
    <datafield tag="952" ind1=" " ind2=" ">
      <subfield code="a">BIB_RECT</subfield>
      <subfield code="b">BIB_UASJ</subfield>
      <subfield code="d">2014-06-09</subfield>
      <subfield code="y">VD</subfield>
      <subfield code="p">04-46213</subfield>
      <subfield code="i">04-46213</subfield>
      <subfield code="g">98</subfield>
      <subfield code="o">V37(091) W177e</subfield>
      <subfield code="e">Donación</subfield>
      <subfield code="8">MM</subfield>
    </datafield>
    <datafield tag="952" ind1=" " ind2=" ">
      <subfield code="a">BIB_RECT</subfield>
      <subfield code="b">BIB_UASJ</subfield>
      <subfield code="d">2014-06-09</subfield>
      <subfield code="y">VD</subfield>
      <subfield code="p">04-46214</subfield>
      <subfield code="i">04-46214</subfield>
      <subfield code="g">98</subfield>
      <subfield code="o">V37(091) W177e</subfield>
      <subfield code="e">Donación</subfield>
      <subfield code="8">MM</subfield>
    </datafield>
  </record>