
  <record>
    <leader>01000aam  22002601a 4500</leader>
    <controlfield tag="001">YPZ98928</controlfield>
    <controlfield tag="003">YPZ</controlfield>
    <controlfield tag="005">201409240953240</controlfield>
    <controlfield tag="008">140924|###########||||||b||||||||||spa|d</controlfield>
    <datafield tag="040" ind1=" " ind2=" ">
      <subfield code="c">SIUNPA</subfield>
    </datafield>
    <datafield tag="041" ind1=" " ind2=" ">
      <subfield code="a">spa</subfield>
    </datafield>
    <datafield tag="044" ind1=" " ind2=" ">
      <subfield code="a">AR</subfield>
    </datafield>
    <datafield tag="080" ind1=" " ind2=" ">
      <subfield code="a">V378.4 M357p</subfield>
    </datafield>
    <datafield tag="100" ind1=" " ind2=" ">
      <subfield code="a">Marquis, Carlos.</subfield>
    </datafield>
    <datafield tag="245" ind1=" " ind2=" ">
      <subfield code="a">Políticas universitarias contemporánea</subfield>
    </datafield>
    <datafield tag="260" ind1=" " ind2=" ">
      <subfield code="a">Caleta Olivia</subfield>
      <subfield code="b"> : Estilo produciones</subfield>
      <subfield code="b"> : UNPA</subfield>
      <subfield code="c"> , 1997</subfield>
    </datafield>
    <datafield tag="500" ind1=" " ind2=" ">
      <subfield code="a">Inédito</subfield>
    </datafield>
    <datafield tag="500" ind1=" " ind2=" ">
      <subfield code="a">Datos tomados del envase</subfield>
    </datafield>
    <datafield tag="500" ind1=" " ind2=" ">
      <subfield code="a">UNPA-UACO, 1997</subfield>
    </datafield>
    <datafield tag="650" ind1=" " ind2=" ">
      <subfield code="a"> UNIVERSIDADES</subfield>
    </datafield>
    <datafield tag="650" ind1=" " ind2=" ">
      <subfield code="a"> POLITICAS DE EDUCACION</subfield>
    </datafield>
    <datafield tag="942" ind1=" " ind2=" ">
      <subfield code="c">VD</subfield>
    </datafield>
    <datafield tag="952" ind1=" " ind2=" ">
      <subfield code="a">BIB_RECT</subfield>
      <subfield code="b">BIB_UACO</subfield>
      <subfield code="d">2014-09-24</subfield>
      <subfield code="y">VD</subfield>
      <subfield code="p">02-02751</subfield>
      <subfield code="i">02-02751</subfield>
      <subfield code="g">89</subfield>
      <subfield code="o">V378.4 M357p</subfield>
      <subfield code="e">Secretaría de extensión UACO</subfield>
      <subfield code="8">MM</subfield>
    </datafield>
    <datafield tag="952" ind1=" " ind2=" ">
      <subfield code="a">BIB_RECT</subfield>
      <subfield code="b">BIB_UACO</subfield>
      <subfield code="d">2014-09-24</subfield>
      <subfield code="y">VD</subfield>
      <subfield code="p">02-02752</subfield>
      <subfield code="i">02-02752</subfield>
      <subfield code="g">89</subfield>
      <subfield code="o">V378.4 M357p</subfield>
      <subfield code="e">Secretaría de extensión UACO</subfield>
      <subfield code="8">MM</subfield>
    </datafield>
    <datafield tag="952" ind1=" " ind2=" ">
      <subfield code="a">BIB_RECT</subfield>
      <subfield code="b">BIB_UACO</subfield>
      <subfield code="d">2014-09-24</subfield>
      <subfield code="y">VD</subfield>
      <subfield code="p">02-02753</subfield>
      <subfield code="i">02-02753</subfield>
      <subfield code="g">89</subfield>
      <subfield code="o">V378.4 M357p</subfield>
      <subfield code="e">Secretaría de extensión UACO</subfield>
      <subfield code="8">MM</subfield>
    </datafield>
    <datafield tag="952" ind1=" " ind2=" ">
      <subfield code="a">BIB_RECT</subfield>
      <subfield code="b">BIB_UACO</subfield>
      <subfield code="d">2014-09-24</subfield>
      <subfield code="y">VD</subfield>
      <subfield code="p">02-02754</subfield>
      <subfield code="i">02-02754</subfield>
      <subfield code="g">89</subfield>
      <subfield code="o">V378.4 M357p</subfield>
      <subfield code="e">Secretaría de extensión UACO</subfield>
      <subfield code="8">MM</subfield>
    </datafield>
  </record>