
  <record>
    <leader>01000aam  22002601a 4500</leader>
    <controlfield tag="001">YPZ98930</controlfield>
    <controlfield tag="003">YPZ</controlfield>
    <controlfield tag="005">201409241040420</controlfield>
    <controlfield tag="008">140924|###########||||||b||||||||||spa|d</controlfield>
    <datafield tag="040" ind1=" " ind2=" ">
      <subfield code="c">SIUNPA</subfield>
    </datafield>
    <datafield tag="041" ind1=" " ind2=" ">
      <subfield code="a">spa</subfield>
    </datafield>
    <datafield tag="044" ind1=" " ind2=" ">
      <subfield code="a">AR</subfield>
    </datafield>
    <datafield tag="080" ind1=" " ind2=" ">
      <subfield code="a">V37.012 Y549i</subfield>
    </datafield>
    <datafield tag="100" ind1=" " ind2=" ">
      <subfield code="a">Yomovatte, Silvia.</subfield>
    </datafield>
    <datafield tag="245" ind1=" " ind2=" ">
      <subfield code="a">Investigación educativa</subfield>
    </datafield>
    <datafield tag="260" ind1=" " ind2=" ">
      <subfield code="a">Caleta Olivia</subfield>
      <subfield code="b"> : Estilo producciones</subfield>
      <subfield code="b"> : UNPA</subfield>
      <subfield code="c"> , 1997</subfield>
    </datafield>
    <datafield tag="500" ind1=" " ind2=" ">
      <subfield code="a">Inédito</subfield>
    </datafield>
    <datafield tag="500" ind1=" " ind2=" ">
      <subfield code="a">Datos tomados del envase</subfield>
    </datafield>
    <datafield tag="500" ind1=" " ind2=" ">
      <subfield code="a">UNPA-UACO, 1997</subfield>
    </datafield>
    <datafield tag="650" ind1=" " ind2=" ">
      <subfield code="a"> INVESTIGADORES EN EDUCACION</subfield>
    </datafield>
    <datafield tag="650" ind1=" " ind2=" ">
      <subfield code="a"> INVESTIGACION EDUCACIONAL</subfield>
    </datafield>
    <datafield tag="942" ind1=" " ind2=" ">
      <subfield code="c">VD</subfield>
    </datafield>
    <datafield tag="952" ind1=" " ind2=" ">
      <subfield code="a">BIB_RECT</subfield>
      <subfield code="b">BIB_UACO</subfield>
      <subfield code="d">2014-09-24</subfield>
      <subfield code="y">VD</subfield>
      <subfield code="p">02-02618</subfield>
      <subfield code="i">02-02618</subfield>
      <subfield code="g">89</subfield>
      <subfield code="o">V37.012 Y549i</subfield>
      <subfield code="e">Secretaría de extensión UACO</subfield>
      <subfield code="8">MM</subfield>
    </datafield>
    <datafield tag="952" ind1=" " ind2=" ">
      <subfield code="a">BIB_RECT</subfield>
      <subfield code="b">BIB_UACO</subfield>
      <subfield code="d">2014-09-24</subfield>
      <subfield code="y">VD</subfield>
      <subfield code="p">02-02619</subfield>
      <subfield code="i">02-02619</subfield>
      <subfield code="g">89</subfield>
      <subfield code="o">V37.012 Y549i</subfield>
      <subfield code="e">Secretaría de extensión UACO</subfield>
      <subfield code="8">MM</subfield>
    </datafield>
    <datafield tag="952" ind1=" " ind2=" ">
      <subfield code="a">BIB_RECT</subfield>
      <subfield code="b">BIB_UACO</subfield>
      <subfield code="d">2014-09-24</subfield>
      <subfield code="y">VD</subfield>
      <subfield code="p">02-02620</subfield>
      <subfield code="i">02-02620</subfield>
      <subfield code="g">89</subfield>
      <subfield code="o">V37.012 Y549i</subfield>
      <subfield code="e">Secretaría de extensión UACO</subfield>
      <subfield code="8">MM</subfield>
    </datafield>
    <datafield tag="952" ind1=" " ind2=" ">
      <subfield code="a">BIB_RECT</subfield>
      <subfield code="b">BIB_UACO</subfield>
      <subfield code="d">2014-09-24</subfield>
      <subfield code="y">VD</subfield>
      <subfield code="p">02-02621</subfield>
      <subfield code="i">02-02621</subfield>
      <subfield code="g">89</subfield>
      <subfield code="o">V37.012 Y549i</subfield>
      <subfield code="e">Secretaría de extensión UACO</subfield>
      <subfield code="8">MM</subfield>
    </datafield>
  </record>