
  <record>
    <leader>01000aam  22002601a 4500</leader>
    <controlfield tag="001">YPZ98933</controlfield>
    <controlfield tag="003">YPZ</controlfield>
    <controlfield tag="005">201409241128550</controlfield>
    <controlfield tag="008">140924|###########||||||b||||||||||spa|d</controlfield>
    <datafield tag="040" ind1=" " ind2=" ">
      <subfield code="c">SIUNPA</subfield>
    </datafield>
    <datafield tag="041" ind1=" " ind2=" ">
      <subfield code="a">spa</subfield>
    </datafield>
    <datafield tag="044" ind1=" " ind2=" ">
      <subfield code="a">AR</subfield>
    </datafield>
    <datafield tag="080" ind1=" " ind2=" ">
      <subfield code="a">V37.014 C967c</subfield>
    </datafield>
    <datafield tag="100" ind1=" " ind2=" ">
      <subfield code="a">Cullen, Carlos Augusto.</subfield>
    </datafield>
    <datafield tag="245" ind1=" " ind2=" ">
      <subfield code="a">Contenidos transversales</subfield>
      <subfield code="b"> : la transversalidad como problema cultural y pedagógico</subfield>
    </datafield>
    <datafield tag="260" ind1=" " ind2=" ">
      <subfield code="a">Caleta Olivia</subfield>
      <subfield code="b"> : Estilo Producciones</subfield>
      <subfield code="c"> , 1997</subfield>
    </datafield>
    <datafield tag="500" ind1=" " ind2=" ">
      <subfield code="a">Inédito</subfield>
    </datafield>
    <datafield tag="500" ind1=" " ind2=" ">
      <subfield code="a">Datos tomados del envase</subfield>
    </datafield>
    <datafield tag="500" ind1=" " ind2=" ">
      <subfield code="a">UNPA-UACO, 1997</subfield>
    </datafield>
    <datafield tag="650" ind1=" " ind2=" ">
      <subfield code="a"> POLITICAS DE EDUCACION</subfield>
    </datafield>
    <datafield tag="650" ind1=" " ind2=" ">
      <subfield code="a"> FILOSOFIA DE LA EDUCACION </subfield>
    </datafield>
    <datafield tag="650" ind1=" " ind2=" ">
      <subfield code="a"> PEDAGOGIA</subfield>
    </datafield>
    <datafield tag="650" ind1=" " ind2=" ">
      <subfield code="a"> SOCIOLOGIA DE LA EDUCACION</subfield>
    </datafield>
    <datafield tag="942" ind1=" " ind2=" ">
      <subfield code="c">VD</subfield>
    </datafield>
    <datafield tag="952" ind1=" " ind2=" ">
      <subfield code="a">BIB_RECT</subfield>
      <subfield code="b">BIB_UACO</subfield>
      <subfield code="d">2014-09-24</subfield>
      <subfield code="y">VD</subfield>
      <subfield code="p">02-02597</subfield>
      <subfield code="i">02-02597</subfield>
      <subfield code="g">89</subfield>
      <subfield code="o">V37.014 C967c</subfield>
      <subfield code="e">Secretaría de extensión UACO</subfield>
      <subfield code="8">MM</subfield>
    </datafield>
    <datafield tag="952" ind1=" " ind2=" ">
      <subfield code="a">BIB_RECT</subfield>
      <subfield code="b">BIB_UACO</subfield>
      <subfield code="d">2014-09-24</subfield>
      <subfield code="y">VD</subfield>
      <subfield code="p">02-02598</subfield>
      <subfield code="i">02-02598</subfield>
      <subfield code="g">89</subfield>
      <subfield code="o">V37.014 C967c</subfield>
      <subfield code="e">Secretaría de extensión UACO</subfield>
      <subfield code="8">MM</subfield>
    </datafield>
    <datafield tag="952" ind1=" " ind2=" ">
      <subfield code="a">BIB_RECT</subfield>
      <subfield code="b">BIB_UACO</subfield>
      <subfield code="d">2014-09-24</subfield>
      <subfield code="y">VD</subfield>
      <subfield code="p">02-02599</subfield>
      <subfield code="i">02-02599</subfield>
      <subfield code="g">89</subfield>
      <subfield code="o">V37.014 C967c</subfield>
      <subfield code="e">Secretaría de extensión UACO</subfield>
      <subfield code="8">MM</subfield>
    </datafield>
    <datafield tag="952" ind1=" " ind2=" ">
      <subfield code="a">BIB_RECT</subfield>
      <subfield code="b">BIB_UACO</subfield>
      <subfield code="d">2014-09-24</subfield>
      <subfield code="y">VD</subfield>
      <subfield code="p">02-02600</subfield>
      <subfield code="i">02-02600</subfield>
      <subfield code="g">89</subfield>
      <subfield code="o">V37.014 C967c</subfield>
      <subfield code="e">Secretaría de extensión UACO</subfield>
      <subfield code="8">MM</subfield>
    </datafield>
    <datafield tag="952" ind1=" " ind2=" ">
      <subfield code="a">BIB_RECT</subfield>
      <subfield code="b">BIB_UACO</subfield>
      <subfield code="d">2014-09-24</subfield>
      <subfield code="y">VD</subfield>
      <subfield code="p">02-02601</subfield>
      <subfield code="i">02-02601</subfield>
      <subfield code="g">89</subfield>
      <subfield code="o">V37.014 C967c</subfield>
      <subfield code="e">Secretaría de extensión UACO</subfield>
      <subfield code="8">MM</subfield>
    </datafield>
  </record>