
  <record>
    <leader>01000aam  22002601a 4500</leader>
    <controlfield tag="001">YPZ98934</controlfield>
    <controlfield tag="003">YPZ</controlfield>
    <controlfield tag="005">201409241142500</controlfield>
    <controlfield tag="008">140924|###########||||||b||||||||||spa|d</controlfield>
    <datafield tag="040" ind1=" " ind2=" ">
      <subfield code="c">SIUNPA</subfield>
    </datafield>
    <datafield tag="041" ind1=" " ind2=" ">
      <subfield code="a">spa</subfield>
    </datafield>
    <datafield tag="044" ind1=" " ind2=" ">
      <subfield code="a">AR</subfield>
    </datafield>
    <datafield tag="080" ind1=" " ind2=" ">
      <subfield code="a">V372.862 R696ed</subfield>
    </datafield>
    <datafield tag="100" ind1=" " ind2=" ">
      <subfield code="a">Rodríguez de Fraga, Abel.</subfield>
    </datafield>
    <datafield tag="245" ind1=" " ind2=" ">
      <subfield code="a">Educación, ciencia y técnica</subfield>
    </datafield>
    <datafield tag="260" ind1=" " ind2=" ">
      <subfield code="a">Caleta Olivia</subfield>
      <subfield code="b"> : Estilo producciones</subfield>
      <subfield code="b"> : UNPA</subfield>
      <subfield code="c"> , 1997</subfield>
    </datafield>
    <datafield tag="500" ind1=" " ind2=" ">
      <subfield code="a">Inédito</subfield>
    </datafield>
    <datafield tag="500" ind1=" " ind2=" ">
      <subfield code="a">Datos tomados del envase</subfield>
    </datafield>
    <datafield tag="500" ind1=" " ind2=" ">
      <subfield code="a">UNPA - FOMEC, 1997</subfield>
    </datafield>
    <datafield tag="650" ind1=" " ind2=" ">
      <subfield code="a"> EDUCACION TECNOLOGICA  ENSEÑANZA TECNICA</subfield>
    </datafield>
    <datafield tag="650" ind1=" " ind2=" ">
      <subfield code="a"> CIENCIA</subfield>
    </datafield>
    <datafield tag="650" ind1=" " ind2=" ">
      <subfield code="a"> TECNOLOGIA</subfield>
    </datafield>
    <datafield tag="942" ind1=" " ind2=" ">
      <subfield code="c">VD</subfield>
    </datafield>
    <datafield tag="952" ind1=" " ind2=" ">
      <subfield code="a">BIB_RECT</subfield>
      <subfield code="b">BIB_UACO</subfield>
      <subfield code="d">2014-09-24</subfield>
      <subfield code="y">VD</subfield>
      <subfield code="p">02-02606</subfield>
      <subfield code="i">02-02606</subfield>
      <subfield code="g">89</subfield>
      <subfield code="o">V372.862 R696ed</subfield>
      <subfield code="e">Secretaría de extensión UACO</subfield>
      <subfield code="8">MM</subfield>
    </datafield>
    <datafield tag="952" ind1=" " ind2=" ">
      <subfield code="a">BIB_RECT</subfield>
      <subfield code="b">BIB_UACO</subfield>
      <subfield code="d">2014-09-24</subfield>
      <subfield code="y">VD</subfield>
      <subfield code="p">02-02607</subfield>
      <subfield code="i">02-02607</subfield>
      <subfield code="g">89</subfield>
      <subfield code="o">V372.862 R696ed</subfield>
      <subfield code="e">Secretaría de extensión UACO</subfield>
      <subfield code="8">MM</subfield>
    </datafield>
    <datafield tag="952" ind1=" " ind2=" ">
      <subfield code="a">BIB_RECT</subfield>
      <subfield code="b">BIB_UACO</subfield>
      <subfield code="d">2014-09-24</subfield>
      <subfield code="y">VD</subfield>
      <subfield code="p">02-02608</subfield>
      <subfield code="i">02-02608</subfield>
      <subfield code="g">89</subfield>
      <subfield code="o">V372.862 R696ed</subfield>
      <subfield code="e">Secretaría de extensión UACO</subfield>
      <subfield code="8">MM</subfield>
    </datafield>
    <datafield tag="952" ind1=" " ind2=" ">
      <subfield code="a">BIB_RECT</subfield>
      <subfield code="b">BIB_UACO</subfield>
      <subfield code="d">2014-09-24</subfield>
      <subfield code="y">VD</subfield>
      <subfield code="p">02-02609</subfield>
      <subfield code="i">02-02609</subfield>
      <subfield code="g">89</subfield>
      <subfield code="o">V372.862 R696ed</subfield>
      <subfield code="e">Secretaría de extensión UACO</subfield>
      <subfield code="8">MM</subfield>
    </datafield>
    <datafield tag="952" ind1=" " ind2=" ">
      <subfield code="a">BIB_RECT</subfield>
      <subfield code="b">BIB_UACO</subfield>
      <subfield code="d">2014-09-24</subfield>
      <subfield code="y">VD</subfield>
      <subfield code="p">02-02610</subfield>
      <subfield code="i">02-02610</subfield>
      <subfield code="g">89</subfield>
      <subfield code="o">V372.862 R696ed</subfield>
      <subfield code="e">Secretaría de extensión UACO</subfield>
      <subfield code="8">MM</subfield>
    </datafield>
  </record>