
  <record>
    <leader>01000aam  22002601a 4500</leader>
    <controlfield tag="001">YPZ100254</controlfield>
    <controlfield tag="003">YPZ</controlfield>
    <controlfield tag="005">201608220907420</controlfield>
    <controlfield tag="008">160822|###########||||||b||||||||||spa|d</controlfield>
    <datafield tag="040" ind1=" " ind2=" ">
      <subfield code="c">SIUNPA</subfield>
    </datafield>
    <datafield tag="041" ind1=" " ind2=" ">
      <subfield code="a">spa</subfield>
    </datafield>
    <datafield tag="044" ind1=" " ind2=" ">
      <subfield code="a">AR</subfield>
    </datafield>
    <datafield tag="080" ind1=" " ind2=" ">
      <subfield code="a">V338.48 G345g</subfield>
    </datafield>
    <datafield tag="245" ind1=" " ind2=" ">
      <subfield code="a">Geografía turística Asia, África y Oceanía</subfield>
    </datafield>
    <datafield tag="260" ind1=" " ind2=" ">
      <subfield code="a">Buenos Aires</subfield>
      <subfield code="b"> : Escuelas Argentina de Negocios, EAN</subfield>
      <subfield code="c"> , 2005</subfield>
    </datafield>
    <datafield tag="440" ind1=" " ind2=" ">
      <subfield code="a">Videoteca Educable</subfield>
      <subfield code="a">Videoteca Educable</subfield>
      <subfield code="a">Videoteca Educable</subfield>
      <subfield code="a">Videoteca Educable</subfield>
      <subfield code="a">Videoteca Educable</subfield>
      <subfield code="a">Videoteca Educable</subfield>
      <subfield code="a">Videoteca Educable</subfield>
      <subfield code="a">Videoteca Educable</subfield>
      <subfield code="a">Videoteca Educable</subfield>
      <subfield code="a">Videoteca Educable</subfield>
      <subfield code="a">Videoteca Educable</subfield>
      <subfield code="a">Videoteca Educable</subfield>
      <subfield code="a">Videoteca Educable</subfield>
      <subfield code="a">Videoteca Educable</subfield>
      <subfield code="a">Videoteca Educable</subfield>
      <subfield code="a">Videoteca Educable</subfield>
      <subfield code="a">Videoteca Educable</subfield>
      <subfield code="a">Videoteca Educable</subfield>
      <subfield code="a">Videoteca Educable</subfield>
      <subfield code="a">Videoteca Educable</subfield>
      <subfield code="a">Videoteca Educable</subfield>
      <subfield code="a">Videoteca Educable</subfield>
      <subfield code="a">Videoteca Educable</subfield>
      <subfield code="a">Videoteca Educable</subfield>
      <subfield code="a">Videoteca Educable</subfield>
      <subfield code="a">Videoteca Educable</subfield>
      <subfield code="a">Videoteca Educable</subfield>
      <subfield code="a">Videoteca Educable</subfield>
      <subfield code="a">Videoteca Educable</subfield>
      <subfield code="a">Videoteca Educable</subfield>
      <subfield code="a">Videoteca Educable</subfield>
      <subfield code="a">Videoteca Educable</subfield>
      <subfield code="a">Videoteca Educable</subfield>
      <subfield code="a">Videoteca Educable</subfield>
      <subfield code="a">Formacion profesional la gestión de empresa. Educación a distancia</subfield>
      <subfield code="v">7-8</subfield>
    </datafield>
    <datafield tag="490" ind1=" " ind2=" ">
      <subfield code="a">Videoteca Educable</subfield>
      <subfield code="a">Videoteca Educable</subfield>
      <subfield code="a">Videoteca Educable</subfield>
      <subfield code="a">Videoteca Educable</subfield>
      <subfield code="a">Videoteca Educable</subfield>
      <subfield code="a">Videoteca Educable</subfield>
      <subfield code="a">Videoteca Educable</subfield>
      <subfield code="a">Videoteca Educable</subfield>
      <subfield code="a">Videoteca Educable</subfield>
      <subfield code="a">Videoteca Educable</subfield>
      <subfield code="a">Videoteca Educable</subfield>
      <subfield code="a">Videoteca Educable</subfield>
      <subfield code="a">Videoteca Educable</subfield>
      <subfield code="a">Videoteca Educable</subfield>
      <subfield code="a">Videoteca Educable</subfield>
      <subfield code="a">Videoteca Educable</subfield>
      <subfield code="a">Videoteca Educable</subfield>
      <subfield code="a">Videoteca Educable</subfield>
      <subfield code="a">Videoteca Educable</subfield>
      <subfield code="a">Videoteca Educable</subfield>
      <subfield code="a">Videoteca Educable</subfield>
      <subfield code="a">Videoteca Educable</subfield>
      <subfield code="a">Videoteca Educable</subfield>
      <subfield code="a">Videoteca Educable</subfield>
      <subfield code="a">Videoteca Educable</subfield>
      <subfield code="a">Videoteca Educable</subfield>
      <subfield code="a">Videoteca Educable</subfield>
      <subfield code="a">Videoteca Educable</subfield>
      <subfield code="a">Videoteca Educable</subfield>
      <subfield code="a">Videoteca Educable</subfield>
      <subfield code="a">Videoteca Educable</subfield>
      <subfield code="a">Videoteca Educable</subfield>
      <subfield code="a">Videoteca Educable</subfield>
      <subfield code="a">Videoteca Educable</subfield>
      <subfield code="a">Formacion profesional la gestión de empresa. Educación a distancia</subfield>
      <subfield code="v">7-8</subfield>
    </datafield>
    <datafield tag="500" ind1=" " ind2=" ">
      <subfield code="a">La biblioteca posee el DVD 7-8</subfield>
    </datafield>
    <datafield tag="500" ind1=" " ind2=" ">
      <subfield code="a">Profesor: Oscar Olivari</subfield>
    </datafield>
    <datafield tag="500" ind1=" " ind2=" ">
      <subfield code="a">Contiene: Teleclase 7 y 8</subfield>
    </datafield>
    <datafield tag="505" ind1=" " ind2=" ">
      <subfield code="a">Contenido del DVD: 7-8. Geografía turística Asia, África y Oceanía</subfield>
    </datafield>
    <datafield tag="650" ind1=" " ind2=" ">
      <subfield code="a"> TURISMO  GEOGRAFIA</subfield>
    </datafield>
    <datafield tag="650" ind1=" " ind2=" ">
      <subfield code="a"> METODOS DE ENSEÑANZA</subfield>
    </datafield>
    <datafield tag="650" ind1=" " ind2=" ">
      <subfield code="a"> EDUCACION A DISTANCIA</subfield>
    </datafield>
    <datafield tag="650" ind1=" " ind2=" ">
      <subfield code="a"> ASIA </subfield>
    </datafield>
    <datafield tag="650" ind1=" " ind2=" ">
      <subfield code="a"> AFRICA </subfield>
    </datafield>
    <datafield tag="650" ind1=" " ind2=" ">
      <subfield code="a"> OCEANIA</subfield>
    </datafield>
    <datafield tag="942" ind1=" " ind2=" ">
      <subfield code="c">VD</subfield>
    </datafield>
    <datafield tag="952" ind1=" " ind2=" ">
      <subfield code="a">BIB_RECT</subfield>
      <subfield code="b">BIB_UASJ</subfield>
      <subfield code="d">2016-08-23</subfield>
      <subfield code="y">VD</subfield>
      <subfield code="p">04-48232</subfield>
      <subfield code="i">04-48232</subfield>
      <subfield code="g">99</subfield>
      <subfield code="o">V338.48 G345g</subfield>
      <subfield code="e">Donación</subfield>
      <subfield code="8">MM</subfield>
    </datafield>
  </record>