
  <record>
    <leader>01000aam  22002601a 4500</leader>
    <controlfield tag="001">YPZ100255</controlfield>
    <controlfield tag="003">YPZ</controlfield>
    <controlfield tag="005">201608230905520</controlfield>
    <controlfield tag="008">160823|###########||||||b||||||||||spa|d</controlfield>
    <datafield tag="040" ind1=" " ind2=" ">
      <subfield code="c">SIUNPA</subfield>
    </datafield>
    <datafield tag="041" ind1=" " ind2=" ">
      <subfield code="a">spa</subfield>
    </datafield>
    <datafield tag="044" ind1=" " ind2=" ">
      <subfield code="a">AR</subfield>
    </datafield>
    <datafield tag="080" ind1=" " ind2=" ">
      <subfield code="a">V640.41:338.48 M861i</subfield>
    </datafield>
    <datafield tag="245" ind1=" " ind2=" ">
      <subfield code="a">Introducción a la hotelería y el turismo</subfield>
      <subfield code="c"> / Morison, Michael Robin, dir.</subfield>
    </datafield>
    <datafield tag="260" ind1=" " ind2=" ">
      <subfield code="a">Buenos Aires</subfield>
      <subfield code="b"> : Escuelas Argentina de Negocios, EAN</subfield>
      <subfield code="c"> , [2005]</subfield>
    </datafield>
    <datafield tag="440" ind1=" " ind2=" ">
      <subfield code="a">Formación profesional la gestión de empresa. Educación a distancia</subfield>
      <subfield code="v">1-9</subfield>
    </datafield>
    <datafield tag="490" ind1=" " ind2=" ">
      <subfield code="a">Formación profesional la gestión de empresa. Educación a distancia</subfield>
      <subfield code="v">1-9</subfield>
    </datafield>
    <datafield tag="500" ind1=" " ind2=" ">
      <subfield code="a">Variante del título: Introducción a la hotelería</subfield>
    </datafield>
    <datafield tag="500" ind1=" " ind2=" ">
      <subfield code="a">Profesor: Osvaldo Sofer</subfield>
    </datafield>
    <datafield tag="505" ind1=" " ind2=" ">
      <subfield code="a">Contenido: Teleclase 1. Orígenes de turismo -- Teleclase 2. Nace la hotelería -- Teleclase 3. Los hoteles de ciudad, sus características -- Teleclase 4. Introducción a la hotelería -- Teleclase 5. Las cadenas internacionales -- Teleclase 6. Asociaciones hoteleras argentinas -- Teleclase 7. El marketing y la hotelería -- Teleclase 8. Seguridad y mantenimiento -- Teleclase 9. Departamento de ama de llaves</subfield>
    </datafield>
    <datafield tag="650" ind1=" " ind2=" ">
      <subfield code="a"> INDUSTRIA HOTELERA</subfield>
    </datafield>
    <datafield tag="650" ind1=" " ind2=" ">
      <subfield code="a"> TURISMO</subfield>
    </datafield>
    <datafield tag="650" ind1=" " ind2=" ">
      <subfield code="a"> GESTION EMPRESARIAL</subfield>
    </datafield>
    <datafield tag="650" ind1=" " ind2=" ">
      <subfield code="a"> HOTELES</subfield>
    </datafield>
    <datafield tag="650" ind1=" " ind2=" ">
      <subfield code="a"> POLITICA TURISTICA</subfield>
    </datafield>
    <datafield tag="942" ind1=" " ind2=" ">
      <subfield code="c">VD</subfield>
    </datafield>
    <datafield tag="952" ind1=" " ind2=" ">
      <subfield code="a">BIB_RECT</subfield>
      <subfield code="b">BIB_UASJ</subfield>
      <subfield code="d">2016-08-23</subfield>
      <subfield code="y">VD</subfield>
      <subfield code="p">04-48218</subfield>
      <subfield code="i">04-48218</subfield>
      <subfield code="g">99</subfield>
      <subfield code="o">V640.41:338.48 M861i</subfield>
      <subfield code="e">Donación</subfield>
      <subfield code="8">MM</subfield>
    </datafield>
    <datafield tag="952" ind1=" " ind2=" ">
      <subfield code="a">BIB_RECT</subfield>
      <subfield code="b">BIB_UASJ</subfield>
      <subfield code="d">2016-08-23</subfield>
      <subfield code="y">VD</subfield>
      <subfield code="p">04-48219</subfield>
      <subfield code="i">04-48219</subfield>
      <subfield code="g">99</subfield>
      <subfield code="o">V640.41:338.48 M861i</subfield>
      <subfield code="e">Donación</subfield>
      <subfield code="8">MM</subfield>
    </datafield>
    <datafield tag="952" ind1=" " ind2=" ">
      <subfield code="a">BIB_RECT</subfield>
      <subfield code="b">BIB_UASJ</subfield>
      <subfield code="d">2016-08-23</subfield>
      <subfield code="y">VD</subfield>
      <subfield code="p">04-48220</subfield>
      <subfield code="i">04-48220</subfield>
      <subfield code="g">99</subfield>
      <subfield code="o">V640.41:338.48 M861i</subfield>
      <subfield code="e">Donación</subfield>
      <subfield code="8">MM</subfield>
    </datafield>
    <datafield tag="952" ind1=" " ind2=" ">
      <subfield code="a">BIB_RECT</subfield>
      <subfield code="b">BIB_UASJ</subfield>
      <subfield code="d">2016-08-23</subfield>
      <subfield code="y">VD</subfield>
      <subfield code="p">04-48221</subfield>
      <subfield code="i">04-48221</subfield>
      <subfield code="g">99</subfield>
      <subfield code="o">V640.41:338.48 M861i</subfield>
      <subfield code="e">Donación</subfield>
      <subfield code="8">MM</subfield>
    </datafield>
  </record>