
  <record>
    <leader>01000aam  22002601a 4500</leader>
    <controlfield tag="001">YPZ100256</controlfield>
    <controlfield tag="003">YPZ</controlfield>
    <controlfield tag="005">201608231130470</controlfield>
    <controlfield tag="008">160823|###########||||||b||||||||||spa|d</controlfield>
    <datafield tag="040" ind1=" " ind2=" ">
      <subfield code="c">SIUNPA</subfield>
    </datafield>
    <datafield tag="041" ind1=" " ind2=" ">
      <subfield code="a">spa</subfield>
    </datafield>
    <datafield tag="044" ind1=" " ind2=" ">
      <subfield code="a">AR</subfield>
    </datafield>
    <datafield tag="080" ind1=" " ind2=" ">
      <subfield code="a">V94(100) M696h</subfield>
    </datafield>
    <datafield tag="245" ind1=" " ind2=" ">
      <subfield code="a">Historia del arte universal</subfield>
      <subfield code="c"> / Mogilner, Claudio, dir.</subfield>
    </datafield>
    <datafield tag="260" ind1=" " ind2=" ">
      <subfield code="a">Buenos Aires</subfield>
      <subfield code="b"> : Escuelas Argentina de Negocios, EAN</subfield>
      <subfield code="c"> , [2005]</subfield>
    </datafield>
    <datafield tag="440" ind1=" " ind2=" ">
      <subfield code="a">Formacion profesional la gestión de empresa. Educación a distancia</subfield>
      <subfield code="v">1-9</subfield>
    </datafield>
    <datafield tag="490" ind1=" " ind2=" ">
      <subfield code="a">Formacion profesional la gestión de empresa. Educación a distancia</subfield>
      <subfield code="v">1-9</subfield>
    </datafield>
    <datafield tag="500" ind1=" " ind2=" ">
      <subfield code="a">Profesor: Gladys Diaz</subfield>
    </datafield>
    <datafield tag="505" ind1=" " ind2=" ">
      <subfield code="a">Contenido: Teleclase 1. Un poco por el tiempo a través de arte -- Teleclase 2. Un paseo por Egipto antiguo -- Teleclase 3. Creta y Grecia -- Teleclase 4. Roma -- Teleclase 5. Edad Media -- Teleclase 6. Edad moderna -- Teleclase 7. Arte Musulman -- Teleclase 8. El Barroco -- Teleclase 9. Siglo XVII y XIX</subfield>
    </datafield>
    <datafield tag="650" ind1=" " ind2=" ">
      <subfield code="a"> HISTORIA UNIVERSAL  HISTORIA DEL ARTE</subfield>
    </datafield>
    <datafield tag="650" ind1=" " ind2=" ">
      <subfield code="a"> HISTORIA CULTURAL</subfield>
    </datafield>
    <datafield tag="650" ind1=" " ind2=" ">
      <subfield code="a"> BARROCO </subfield>
    </datafield>
    <datafield tag="650" ind1=" " ind2=" ">
      <subfield code="a"> GRECIA</subfield>
    </datafield>
    <datafield tag="650" ind1=" " ind2=" ">
      <subfield code="a"> SIGLO XVII </subfield>
    </datafield>
    <datafield tag="650" ind1=" " ind2=" ">
      <subfield code="a"> EDAD MEDIA</subfield>
    </datafield>
    <datafield tag="650" ind1=" " ind2=" ">
      <subfield code="a"> SIGLO XIX</subfield>
    </datafield>
    <datafield tag="942" ind1=" " ind2=" ">
      <subfield code="c">VD</subfield>
    </datafield>
    <datafield tag="952" ind1=" " ind2=" ">
      <subfield code="a">BIB_RECT</subfield>
      <subfield code="b">BIB_UASJ</subfield>
      <subfield code="d">2016-08-23</subfield>
      <subfield code="y">VD</subfield>
      <subfield code="p">04-48222</subfield>
      <subfield code="i">04-48222</subfield>
      <subfield code="g">99</subfield>
      <subfield code="o">V94(100) M696h</subfield>
      <subfield code="e">Donación</subfield>
      <subfield code="8">MM</subfield>
    </datafield>
    <datafield tag="952" ind1=" " ind2=" ">
      <subfield code="a">BIB_RECT</subfield>
      <subfield code="b">BIB_UASJ</subfield>
      <subfield code="d">2016-08-23</subfield>
      <subfield code="y">VD</subfield>
      <subfield code="p">04-48224</subfield>
      <subfield code="i">04-48224</subfield>
      <subfield code="g">99</subfield>
      <subfield code="o">V94(100) M696h</subfield>
      <subfield code="e">Donación</subfield>
      <subfield code="8">MM</subfield>
    </datafield>
    <datafield tag="952" ind1=" " ind2=" ">
      <subfield code="a">BIB_RECT</subfield>
      <subfield code="b">BIB_UASJ</subfield>
      <subfield code="d">2016-08-23</subfield>
      <subfield code="y">VD</subfield>
      <subfield code="p">04-48225</subfield>
      <subfield code="i">04-48225</subfield>
      <subfield code="g">99</subfield>
      <subfield code="o">V94(100) M696h</subfield>
      <subfield code="e">Donación</subfield>
      <subfield code="8">MM</subfield>
    </datafield>
    <datafield tag="952" ind1=" " ind2=" ">
      <subfield code="a">BIB_RECT</subfield>
      <subfield code="b">BIB_UASJ</subfield>
      <subfield code="d">2016-08-23</subfield>
      <subfield code="y">VD</subfield>
      <subfield code="p">04-48233</subfield>
      <subfield code="i">04-48233</subfield>
      <subfield code="g">99</subfield>
      <subfield code="o">V94(100) M696h</subfield>
      <subfield code="e">Donación</subfield>
      <subfield code="8">MM</subfield>
    </datafield>
  </record>