
  <record>
    <leader>01000aam  22002601a 4500</leader>
    <controlfield tag="001">YPZ100257</controlfield>
    <controlfield tag="003">YPZ</controlfield>
    <controlfield tag="005">201608240915260</controlfield>
    <controlfield tag="008">160824|###########||||||b||||||||||spa|d</controlfield>
    <datafield tag="040" ind1=" " ind2=" ">
      <subfield code="c">SIUNPA</subfield>
    </datafield>
    <datafield tag="041" ind1=" " ind2=" ">
      <subfield code="a">spa</subfield>
    </datafield>
    <datafield tag="044" ind1=" " ind2=" ">
      <subfield code="a">AR</subfield>
    </datafield>
    <datafield tag="080" ind1=" " ind2=" ">
      <subfield code="a">V658.8 M861i</subfield>
    </datafield>
    <datafield tag="245" ind1=" " ind2=" ">
      <subfield code="a">Marketing operativo y estrátegico</subfield>
      <subfield code="c"> / Morison, Michael Robin, dir.</subfield>
    </datafield>
    <datafield tag="260" ind1=" " ind2=" ">
      <subfield code="a">Buenos Aires</subfield>
      <subfield code="b"> : Escuelas Argentina de Negocios, EAN</subfield>
      <subfield code="c"> , [2005]</subfield>
    </datafield>
    <datafield tag="440" ind1=" " ind2=" ">
      <subfield code="a">Formacion profesional la gestión de empresa. Educación a distancia</subfield>
      <subfield code="v">1-8</subfield>
    </datafield>
    <datafield tag="490" ind1=" " ind2=" ">
      <subfield code="a">Formacion profesional la gestión de empresa. Educación a distancia</subfield>
      <subfield code="v">1-8</subfield>
    </datafield>
    <datafield tag="500" ind1=" " ind2=" ">
      <subfield code="a">Profesor: Gustavo Sprei</subfield>
    </datafield>
    <datafield tag="505" ind1=" " ind2=" ">
      <subfield code="a">Contenido: Teleclase 1. Introducción al MKT, y las organizaciones -- Teleclase 2. MKT, estratégico y operativo -- Teleclase 3-4. El plan de marketing -- Teleclase 5-6. Marketing turístico -- Teleclase 7. La venta de servicios y la post-venta -- Teleclase 8. Transporte</subfield>
    </datafield>
    <datafield tag="650" ind1=" " ind2=" ">
      <subfield code="a"> MARKETING</subfield>
    </datafield>
    <datafield tag="650" ind1=" " ind2=" ">
      <subfield code="a"> ESTUDIOS DE MERCADO</subfield>
    </datafield>
    <datafield tag="650" ind1=" " ind2=" ">
      <subfield code="a"> VENTA </subfield>
    </datafield>
    <datafield tag="650" ind1=" " ind2=" ">
      <subfield code="a"> GESTION DE VENTAS</subfield>
    </datafield>
    <datafield tag="650" ind1=" " ind2=" ">
      <subfield code="a"> ESTRATEGIA COMERCIAL </subfield>
    </datafield>
    <datafield tag="650" ind1=" " ind2=" ">
      <subfield code="a"> POLITICA DE PRECIOS</subfield>
    </datafield>
    <datafield tag="650" ind1=" " ind2=" ">
      <subfield code="a"> PLAN DE MARKETING</subfield>
    </datafield>
    <datafield tag="942" ind1=" " ind2=" ">
      <subfield code="c">VD</subfield>
    </datafield>
    <datafield tag="952" ind1=" " ind2=" ">
      <subfield code="a">BIB_RECT</subfield>
      <subfield code="b">BIB_UASJ</subfield>
      <subfield code="d">2016-08-24</subfield>
      <subfield code="y">VD</subfield>
      <subfield code="p">04-48214</subfield>
      <subfield code="i">04-48214</subfield>
      <subfield code="g">99</subfield>
      <subfield code="o">V658.8 M861i</subfield>
      <subfield code="e">Donación</subfield>
      <subfield code="8">MM</subfield>
    </datafield>
    <datafield tag="952" ind1=" " ind2=" ">
      <subfield code="a">BIB_RECT</subfield>
      <subfield code="b">BIB_UASJ</subfield>
      <subfield code="d">2016-08-24</subfield>
      <subfield code="y">VD</subfield>
      <subfield code="p">04-48215</subfield>
      <subfield code="i">04-48215</subfield>
      <subfield code="g">99</subfield>
      <subfield code="o">V658.8 M861i</subfield>
      <subfield code="e">Donación</subfield>
      <subfield code="8">MM</subfield>
    </datafield>
    <datafield tag="952" ind1=" " ind2=" ">
      <subfield code="a">BIB_RECT</subfield>
      <subfield code="b">BIB_UASJ</subfield>
      <subfield code="d">2016-08-24</subfield>
      <subfield code="y">VD</subfield>
      <subfield code="p">04-48216</subfield>
      <subfield code="i">04-48216</subfield>
      <subfield code="g">99</subfield>
      <subfield code="o">V658.8 M861i</subfield>
      <subfield code="e">Donación</subfield>
      <subfield code="8">MM</subfield>
    </datafield>
    <datafield tag="952" ind1=" " ind2=" ">
      <subfield code="a">BIB_RECT</subfield>
      <subfield code="b">BIB_UASJ</subfield>
      <subfield code="d">2016-08-24</subfield>
      <subfield code="y">VD</subfield>
      <subfield code="p">04-48217</subfield>
      <subfield code="i">04-48217</subfield>
      <subfield code="g">99</subfield>
      <subfield code="o">V658.8 M861i</subfield>
      <subfield code="e">Donación</subfield>
      <subfield code="8">MM</subfield>
    </datafield>
  </record>